2654 3913
594 206 809 261 LIBER
843 207 1036 261 XXVI.
1113 207 1264 262 CAP.
1305 215 1390 263 39.
1430 214 1514 262 40.
1594 209 1666 280 [a.
1708 208 1764 262 C.
1803 210 1957 279 210]·
2148 211 2273 275 159

262 355 412 417 ante
440 373 718 436 proram.
765 351 971 417 victor
990 351 1380 416 Tarentinus
1407 352 1476 415 in
1501 351 1829 416 turbatam
1849 352 2007 418 duce
2037 354 2274 419 amisso
2316 364 2381 412 17

260 462 493 504 navem
537 440 789 523 inpigre
842 444 1288 522 transgressus
1346 460 1490 504 cum
1546 440 2001 506 summovisset
2049 440 2279 524 hostis,

264 531 331 591 et
373 550 568 612 prora
612 529 743 592 iam
791 528 1284 592 Tarentinorum
1343 531 1543 612 esset,
1595 528 1862 612 puppim
1916 529 2085 593 male
2132 550 2278 594 con-

263 616 515 700 globati
551 619 887 681 tuerentur
920 614 1226 700 Romani,
1272 619 1537 700 repente
1577 620 1644 681 et
1679 616 1807 681 alia
1843 638 1882 681 a
1916 639 2133 701 puppe
2170 617 2281 681 tri-

260 705 457 770 remis
519 704 807 769 hostium
868 704 1186 788 apparuit.
1283 704 1381 768 ita
1443 705 1512 768 in
1569 704 1779 783 medio
1847 704 2280 770 circumventa
2322 714 2387 764 18

260 793 560 858 Romana
585 792 769 856 navis
799 793 1065 876 capitur.
1137 791 1290 857 hinc
1330 791 1561 857 ce‘teris
1599 796 1810 857 terror
1845 793 2140 878 iniectus,
2169 793 2281 858 ubi

260 880 657 965 praetoriam
702 901 935 944 navem
971 883 1228 965 captam
1264 880 1505 965 videre3
1551 881 2002 966 fugientesque
2040 882 2282 965 passim

264 970 432 1033 aliae
478 969 547 1031 in
595 968 730 1032 alto
777 990 1054 1050 mersae,
1102 968 1267 1033 aliae
1312 969 1383 1033 in
1428 971 1669 1034 terram
1724 969 1919 1034 remis
1977 970 2282 1055 abreptae

264 1078 415 1121 mox
446 1056 736 1140 praedae
779 1057 958 1121 fuere
994 1056 1299 1122 Thurinis
1336 1055 1944 1142 Metapontinisque.
2018 1079 2096 1122 ex
2132 1079 2279 1123 one·
2323 1067 2388 1116 1⁹

263 1144 481 1226 rariiS,
528 1166 692 1228 quae
728 1166 873 1209 cum
912 1149 1273 1210 commeatu
1315 1146 1776 1231 sequebantur,
1817 1167 2176 1230 perpaucae
2213 1148 2283 1212 in

264 1235 652 1316 potestatem
710 1233 1001 1298 hostium
1047 1255 1303 1317 venere,
1360 1235 1527 1297 aliae
1582 1234 1661 1297 ad
1715 1235 1996 1299 incertos
2053 1239 2281 1299 ventos

263 1321 416 1386 hinc
461 1326 655 1406 atque
700 1322 884 1386 illinc
931 1322 1195 1403 obliqua
1239 1320 1706 1385 transferentes
1762 1321 1907 1386 vela
1962 1321 2032 1385 in
2078 1323 2285 1386 altum

265 1413 523 1474 evectae
580 1412 744 1473 sunt.
834 1408 1261 1493 Nequaquam
1314 1408 1458 1491 pari
1513 1408 1772 1472 fortuna
1817 1429 1932 1491 per
1987 1429 2095 1473 eos
2150 1409 2284 1474 dies
2322 1419 2390 1468 2ο

263 1496 532 1561 Tarenti
576 1518 679 1561 res
727 1500 932 1582 gesta.
1019 1517 1171 1560 nam
1223 1495 1305 1560 ad
1352 1497 1660 1579 quattuor
1718 1496 1901 1560 milia
1947 1496 2284 1561 hominum

265 1585 728 1649 frumentatum
775 1604 1037 1668 egressa
1082 1606 1226 1649 cum
1267 1584 1337 1649 in
1375 1584 1551 1668 agris
1589 1583 1835 1667 passim
1872 1588 2285 1670 vagarentur,

265 1673 487 1738 Livius
498 1723 517 1757 ,
561 1674 671 1757 qui
718 1673 853 1737 arci
888 1672 1334 1757 praesidioque
1371 1672 1664 1737 Romano
1705 1676 2031 1757 praeerat,
2076 1673 2283 1738 inten·
2321 1682 2388 1731 21

264 1765 370 1827 tus
416 1763 484 1826 in
531 1763 737 1826 omnis
785 1760 1153 1827 occasiones
1201 1759 1519 1847 gerendae
1565 1761 1660 1826 rei
1707 1759 1776 1826 O.
1820 1760 2149 1845 Persium,
2193 1762 2286 1826 in-

266 1851 523 1936 pigrum
560 1851 792 1935 virum,
825 1871 968 1915 cum
1009 1849 1255 1915 duobus
1293 1849 1556 1914 milibus
1596 1852 1663 1913 et
1696 1849 2043 1933 quinyentss
2079 1872 2286 1915 arma-

266 1942 482 2004 torum
547 1960 624 2003 ex
689 1960 834 2004 arce
901 1937 1143 2022 emisit,
1208 1937 1318 2023 qui
1383 1959 1545 2023 vage
1611 1938 1845 2003 effusos
1910 1961 2028 2022 per
2092 1960 2285 2023 agros
2323 1947 2390 1998 22

266 2028 647 2110 palatosque
697 2027 960 2091 adortus
1009 2048 1154 2091 cum
1202 2026 1310 2090 diu
1357 2026 1600 2113 passim
1645 2025 2009 2111 cecidisset,
2044 2047 2286 2108 paucos

270 2138 347 2179 ex
384 2115 605 2179 multis
642 2114 893 2198 trepida
928 2113 1085 2199 fuga
1121 2113 1469 2178 incidentis
1508 2113 1914 2196 semiapertis
1943 2116 2307 2196 portarum·

268 2204 518 2269 foribus
574 2204 643 2267 in
698 2203 924 2267 urbem
980 2196 1322 2285 compulit,
1385 2221 1502 2266 nec
1555 2201 1821 2265 multum
1883 2202 2072 2286 afficit,
2136 2204 2289 2285 quin

271 2292 425 2357 urbs
486 2291 710 2357 eodem
773 2292 1020 2374 impetu
1081 2293 1431 2373 caperetur.
1522 2290 1619 2355 ita
1680 2293 1989 2373 aequatae
2044 2311 2147 2355 res
2205 2292 2286 2355 ad
2324 2301 2393 2350 23

269 2380 649 2464 Tarentum,
694 2379 1005 2444 Romanis
1051 2378 1405 2445 victoribus
1466 2383 1658 2462 terra,
1707 2379 2064 2444 Tarentinis
2108 2381 2289 2446 mari.

268 2470 576 2534 frumenti
606 2490 782 2552 spes,
811 2490 972 2552 quae
1009 2467 1078 2532 in
1116 2468 1317 2533 oculis
1354 2467 1592 2551 fuerat,
1628 2470 1939 2550 utrosque
1976 2467 2289 2533 frustrata

269 2558 530 2640 pariter.

446 2642 580 2708 XL.
625 2642 752 2707 Per
779 2643 948 2707 idem
977 2645 1232 2726 tempus
1261 2641 1580 2705 Laevinus
1610 2642 1863 2724 consul,
1890 2641 2022 2704 iam
2051 2661 2291 2725 magna
2331 2654 2357 2700 1

273 2734 458 2815 parte
504 2730 658 2796 anni
704 2731 1119 2814 circumacta,
1164 2731 1233 2793 in
1270 2727 1558 2793 Siciliam
1607 2728 1931 2793 veteribus
1976 2729 2289 2813 novisque

275 2819 465 2885 sociis
504 2822 876 2903 expectatus
916 2839 1059 2883 cum
1097 2817 1406 2901 venisset,
1451 2817 1728 2899 primum
1768 2837 1841 2880 ac
1875 2817 2291 2899 potissimum

275 2909 564 2973 omnium
626 2910 808 2973 ratus
864 2904 1201 2990 Syracusis
1256 2926 1427 2969 nova
1479 2925 1638 2987 pace
1701 2904 2063 2969 inconditas
2119 2926 2292 2971 com-

272 3017 507 3080 ponere
543 3017 675 3080 res3
713 2995 1146 3080 Agrigentum
1184 2993 1359 3076 inde,
1398 2993 1569 3077 quod
1604 2992 1757 3057 belli
1792 2993 2113 3076 reliquum
2152 2996 2292 3058 erat
2329 3005 2361 3052 2

272 3085 740 3169 tenebaturque
769 3106 808 3148 a
829 3080 1468 3166 Carthaginiensium
1498 3080 1714 3146 valido
1744 3082 2081 3164 praesidio,
2111 3081 2294 3146 duxit

274 3173 580 3256 legiones.
673 3175 738 3236 et
783 3171 989 3237 adfuit
1033 3170 1295 3236 fortuna
1340 3171 1618 3252 incepto.
1707 3168 1941 3233 Hanno
1992 3174 2130 3234 erat
2176 3171 2291 3232 im·
2328 3180 2362 3229 3

274 3265 538 3345 perator
575 3257 1235 3347 Carthaginiensium,
1283 3257 1395 3322 sed
1443 3278 1700 3321 omnem
1739 3258 1811 3320 ‘in
1846 3256 2125 3321 Muttine
2160 3255 2292 3320 Nu-

274 3350 590 3434 midisque
621 3370 800 3432 spem
829 3348 1180 3432 repositam
1208 3346 1554 3412 habebant.
1622 3366 1739 3430 per
1764 3348 1973 3409 totam
2002 3342 2291 3409 Siciliam
2329 3356 2364 3404 4

274 3457 480 3524 vagus
508 3438 781 3523 praedas
812 3436 1051 3522 agebat
1079 3458 1156 3501 ex
1184 3435 1376 3501 sociis
1398 3434 1835 3499 Romanorum
1862 3454 2070 3518 neque
2097 3433 2296 3497 inter-

275 3527 442 3591 cludi
474 3529 555 3591 ab
587 3525 950 3610 Agrigento
987 3524 1054 3589 vi
1084 3528 1197 3589 aut
1227 3527 1364 3589 arte
1390 3523 1525 3588 ulla
1554 3542 1698 3606 nec,
1735 3521 1889 3606 quin
1918 3525 2295 3606 erumperet,
