2654 3913
665 229 878 284 LIBER
913 231 1106 289 XXIV.
1181 231 1333 287 CAP.
1377 241 1458 288 18.
1502 240 1583 288 19.
1661 234 1733 304 [a.
1776 233 1833 288 O.
1872 237 2001 306 214]
2263 239 2347 302 21

334 396 457 458 que
495 397 561 440 se
601 376 683 439 ab
721 376 1074 442 triumviris
1113 379 1451 443 mensariis
1493 400 1634 444 esse
1670 378 1993 463 dixerunt,
2033 384 2107 444 ut
2142 383 2351 464 pretia

333 483 659 529 servorum
717 466 1100 550 acciperent3
1167 470 1450 531 ceterum
1513 487 1647 530 non
1713 471 1860 531 ante
1920 489 2113 552 quam
2180 471 2349 534 bello

333 553 622 617 confecto
655 556 1030 636 accepturos
1060 574 1216 619 esse.
1269 576 1413 619 cum
1440 554 1600 619 haec
1627 554 1961 620 inclinatio
1991 557 2351 622 animorum
2393 567 2456 615 13

332 640 536 723 plebis
586 641 666 705 ad
713 642 1154 707 sustinendam
1192 642 1478 726 inopiam
1520 643 1754 707 aerarii
1789 643 2000 728 fieret,
2045 646 2353 727 pecuniae

336 750 589 815 quoque
616 730 969 813 pupillares
999 730 1239 814 primo,
1277 731 1503 795 deinde
1531 731 1872 795 viduarum
1906 736 2170 815 coeptae
2208 755 2353 798 con-

333 815 518 902 ferri,
544 839 865 900 nusquam
895 838 1001 882 eas
1040 819 1245 882 tutius
1284 819 1697 902 sanctiusque
1738 819 2055 902 deponere
2098 822 2353 886 creden·
2395 830 2459 879 14

336 906 510 971 tibus
550 906 659 989 qui
698 905 1070 970 deferebant
1098 928 1291 991 quam
1330 908 1396 971 in
1423 908 1685 990 publica
1720 906 1860 971 fide.
1932 908 2079 972 inde
2117 909 2174 973 si
2205 910 2357 994 quid

340 997 628 1076 emptum
673 998 1097 1078 paratumque
1143 996 1407 1079 pupillis
1455 1017 1529 1060 ac
1575 995 1782 1060 viduis
1837 995 2031 1080 foret,
2085 1018 2125 1060 a
2171 1019 2358 1080 quae·

341 1086 516 1147 store
545 1082 1086 1165 perscribebatur.
1141 1083 1431 1148 manavit
1459 1105 1535 1148 ea
1564 1084 1963 1167 privatorum
1991 1084 2358 1168 benignitas
2398 1092 2464 1142 15

339 1192 416 1236 ex
463 1171 620 1235 urbe
668 1171 864 1236 etiam
911 1170 980 1235 in
1027 1174 1268 1255 castra,
1322 1175 1396 1235 ut
1438 1193 1569 1236 non
1616 1193 1809 1256 eques
1820 1222 1838 1256 ,
1891 1193 2025 1236 non
2069 1174 2357 1240 centurio

340 1259 732 1344 stipendium
814 1259 1160 1343 acciperet,
1232 1261 1868 1344 mercennariumque
1950 1260 2358 1346 increpantes

340 1352 642 1413 vocarent
689 1347 800 1432 qui
845 1348 1214 1432 accepisset.
2341 1414 2346 1418 ,

514 1434 688 1499 ΧΙΧ.
718 1434 792 1511 Q.
810 1434 1051 1500 Fabius
1082 1436 1308 1500 consul
1339 1436 1419 1501 ad
1439 1433 1795 1500 Casilinum
1825 1440 2038 1501 castra
2058 1436 2359 1520 habebat,
2402 1445 2428 1493 1

343 1523 515 1607 quod
551 1524 747 1587 duum
774 1523 1026 1588 milium
1055 1522 1530 1607 Campanorum
1569 1527 1635 1587 et
1663 1523 2213 1608 septingentorum
2246 1526 2359 1588 mi·

343 1613 534 1676 litum
570 1609 960 1677 Hannibalis
997 1612 1341 1677 tenebatur
1377 1611 1718 1696 praesidio.
1790 1616 2086 1696 praeerat
2113 1611 2358 1678 Statius
2398 1620 2431 1668 2

342 1700 579 1765 Metius
636 1700 871 1765 missus
928 1699 1010 1765 ab
1070 1698 1184 1765 Cn.
1230 1699 1452 1784 Magio
1510 1699 1841 1783 Atellano,
1897 1700 2005 1785 qui
2061 1721 2135 1765 eo
2192 1722 2362 1766 anno

340 1789 556 1854 medix
609 1789 849 1854 tuticus
908 1792 1070 1872 erat,
1127 1788 1513 1873 servitiaque
1568 1792 1634 1852 et
1687 1788 1944 1872 plebem
1999 1791 2363 1871 promiscue

344 1880 659 1961 armarat,
712 1880 789 1942 ut
833 1881 1048 1942 castra
1093 1875 1389 1941 Romana
1433 1876 1762 1942 invaderet
1803 1876 2054 1942 intento
2102 1878 2364 1942 consule

345 1967 425 2031 ad
447 1964 805 2031 Casilinum
826 1966 1344 2050 oppugnandum.
1385 1965 1550 2030 nihil
1577 1987 1795 2030 eorum
1814 1965 2091 2030 Fabium
2112 1967 2360 2031 fefellit.
2402 1975 2433 2022 3

345 2055 569 2137 itaque
605 2053 842 2119 Nolam
882 2054 963 2117 ad
1000 2053 1316 2137 collegam
1356 2054 1586 2136 mittit,
1623 2053 1828 2117 altero
1868 2055 2176 2137 exercitu,
2214 2055 2362 2118 dum

348 2139 711 2206 Casilinum
750 2145 1194 2225 oppugnatur,
1229 2163 1392 2223 opus
1431 2162 1597 2224 esse,
1635 2141 1746 2225 qui
1785 2137 2132 2223 Campanis
2167 2162 2363 2225 oppo-

346 2232 569 2313 natur3
615 2228 717 2295 vel
764 2229 904 2312 ipse
943 2229 1167 2293 relicto
1204 2228 1414 2295 Nolae
1452 2229 1771 2312 praesidio
1810 2230 2061 2294 modico
2099 2231 2363 2314 veniret,
2402 2237 2437 2286 4

345 2318 478 2402 vel,
525 2318 581 2382 si
630 2339 773 2382 eum
812 2315 983 2382 Nola
1027 2319 1276 2382 teneret
1318 2318 1592 2381 necdum
1630 2339 1887 2382 securae
1933 2338 2033 2381 res
2073 2319 2155 2382 ab
2192 2315 2367 2382 Han·

344 2408 565 2473 nibale
612 2411 855 2491 essent,
908 2427 976 2471 se
1023 2405 1121 2469 Ti.
1169 2404 1530 2470 Gracchum
1584 2406 2034 2489 proconsulem
2080 2427 2120 2470 a
2163 2405 2366 2471 Bene·

347 2499 540 2561 vento
571 2496 941 2561 acciturum.
1015 2494 1139 2558 hoc
1176 2494 1405 2559 nuntio
1434 2493 1777 2559 Marcellus
1807 2494 2057 2559 duobus
2086 2495 2365 2559 militum
2405 2502 2437 2552 5

349 2584 617 2648 milibus
654 2582 862 2648 Nolae
908 2583 978 2648 in
1017 2582 1339 2665 praesidio
1374 2582 1616 2648 relictis
1656 2603 1798 2646 cum
1836 2587 2048 2646 cetero
2088 2582 2369 2646 exercitu

352 2670 712 2739 Casilinum
745 2669 949 2753 venit,
988 2669 1392 2755 adventuque
1421 2671 1557 2735 eius
1588 2667 1904 2751 Campani
1941 2670 2072 2732 iam
2111 2690 2367 2733 moven-

354 2765 449 2827 tes
497 2782 637 2826 sese
683 2758 1078 2844 quieverunt.
1154 2757 1248 2823 ita
1295 2759 1376 2823 ab
1425 2758 1673 2823 duobus
1722 2757 2089 2821 consulibus
2137 2753 2364 2820 Casili·
2406 2766 2439 2814 6

351 2871 507 2914 num
563 2847 930 2933 oppugnari
996 2846 1225 2929 coepit.
1324 2846 1437 2912 ubi
1493 2868 1637 2911 cum
1691 2846 1897 2910 multa
1957 2844 2370 2909 succedentes

353 2940 593 3002 temere
648 2934 986 3001 moenibus
1041 2934 1318 2999 Romani
1372 2934 1613 2999 milites
1671 2934 2034 3018 acciperent
2087 2934 2372 3016 vulnera,

353 3046 557 3108 neque
616 3025 777 3090 satis
833 3025 1163 3108 inceptum
1219 3023 1613 3106 succederet,
1658 3021 1899 3087 Fabius
1946 3021 2372 3086 omittendam

354 3134 493 3177 rem
520 3135 786 3197 parvam
816 3134 892 3178 ac
918 3112 1100 3177 iuxta
1128 3111 1383 3195 magnis
1414 3110 1744 3176 difficilem
1774 3109 2370 3190 abscedendumque

355 3201 505 3266 inde
552 3201 879 3284 censebat,
936 3221 1081 3264 cum
1139 3220 1242 3263 res
1297 3200 1576 3265 maiores
1622 3200 1971 3280 instarent3
2022 3196 2368 3261 Marcellus
2410 3202 2442 3252 7

356 3289 567 3355 multa
603 3289 857 3372 magnis
895 3288 1162 3352 ducibus
1201 3287 1370 3352 sicut
1396 3309 1529 3352 non
1558 3286 2014 3372 adgredienda,
2054 3284 2150 3347 ita
2178 3282 2374 3346 semel

355 3378 683 3464 adgressis
743 3396 875 3440 non
935 3376 1317 3441 dimittenda
1378 3396 1516 3440 esse
1573 3374 1866 3456 dicendo,
1926 3370 2078 3454 quia
2137 3388 2376 3452 magna

354 3465 566 3532 famae
626 3467 959 3531 momenta
1019 3464 1088 3528 in
1141 3467 1482 3546 utramque
1535 3465 1787 3544 partem
1843 3459 2095 3540 fierent,
2148 3457 2373 3538 tenuit,

354 3575 436 3618 ne
480 3555 681 3620 inrito
728 3554 986 3637 incepto
1034 3551 1336 3617 abiretur.
1410 3549 1634 3614 vineae
1676 3546 1824 3612 inde
1862 3544 2207 3629 omniaque
2247 3543 2371 3608 alia
2411 3551 2447 3600 8
