2654 3913
365 186 450 250 68
666 186 885 242 LIBER
920 192 1091 251 XXV
1167 194 1319 250 (ΜΡ
1360 203 1442 250 10.
1483 203 1565 248 11.
1642 195 1714 263 [a.
1754 194 1818 248 U.
1859 211 1903 248 ο.
1942 197 2071 266 542]

363 350 505 412 eas,
551 350 715 414 quae
760 334 1116 422 inscriptae
1161 359 1293 402 non
1339 340 1580 420 essent,
1628 336 1818 419 signo
1866 339 2191 422 extemplo
2230 337 2384 404 dato

363 417 561 504 diripi
606 421 955 489 iussurum.
1028 425 1084 489 si
1129 426 1274 508 quis
1320 425 1391 488 in
1435 424 1723 508 hospitio
1771 424 1927 489 civis
1974 424 2253 490 Romani
2302 462 2381 474 —

363 529 602 599 vacuas
650 515 870 577 autem
914 513 1225 577 tenebant
1267 512 1493 577 domos
1533 547 1617 558 —
1652 533 1892 577 nomen
1930 512 2386 606 inscripsisset,

261 603 328 655 10
367 594 516 663 eum
563 620 631 663 se
676 622 796 683 pro
841 601 1030 666 hoste
1074 600 1470 664 habiturum.
1563 600 1859 665 contione
1914 592 2182 665 dimissa
2239 623 2385 666 cum

366 687 579 752 titulis
611 691 877 752 notatae
913 688 1083 752 fores
1123 688 1466 752 discrimen
1501 692 1772 772 pacatae
1808 689 1890 754 ab
1926 689 2155 754 hostili
2192 688 2383 755 domo

365 775 697 857 fecissent,
754 776 941 860 signo
997 776 1148 839 dato
1206 777 1286 840 ad
1344 775 1704 860 diripienda
1754 777 2043 863 hospitia
2086 778 2386 843 Romana

180 909 221 960 ÷
298 960 326 1007 1
364 882 653 1014 ‘'³⁸⁸¹{1
657 862 1016 1017 fflffiissss'?
1056 868 1181 1016 31⁸}
1217 869 1342 1017 25¹³
1360 864 1859 1037 0ῗᾷἱὲξέἓὲἓὲ
1879 867 2385 1037 assiffltfflss

366 1057 563 1120 quam
599 1059 747 1104 cum
784 1043 852 1105 et
886 1061 929 1105 a
963 1041 1154 1124 mari,
1192 1063 1319 1125 quo
1359 1040 1429 1104 in
1453 1042 1914 1124 paeneinsulae
1942 1044 2205 1107 modum
2232 1064 2384 1126 pars

366 1124 575 1191 maior
620 1127 1083 1211 circumluitur,
1126 1129 1439 1211 praealtis
1483 1129 1751 1213 rupibus
1799 1134 1866 1194 et
1907 1130 1991 1195 ab
2036 1132 2183 1215 ipsa
2227 1132 2386 1232 urbe

367 1235 554 1279 muro
602 1219 670 1281 et
713 1217 893 1282 fossa
949 1217 1200 1302 ingenti
1257 1220 1550 1300 saeptam
1604 1216 1851 1282 videret
1908 1238 2109 1302 eoque
2155 1239 2274 1282 nec
2317 1218 2387 1282 vi

297 1313 331 1361 2
368 1323 488 1368 nec
526 1305 828 1389 operibus
867 1305 1363 1389 expugnabilem
1400 1326 1569 1390 esse,
1603 1326 1686 1369 ne
1724 1309 1840 1370 aut
1874 1327 1943 1371 se
1978 1306 2195 1388 ipsum
2231 1328 2386 1370 cura
2509 1316 2520 1325 '

367 1393 595 1458 tuendi
647 1393 1031 1460 Tarentinos
1087 1415 1126 1457 a
1178 1393 1529 1458 maioribus
1583 1395 1777 1459 rebus
1831 1397 2219 1479 moraretur,
2273 1397 2388 1458 aut

368 1480 442 1546 in
484 1482 748 1550 relictos
793 1483 931 1548 sine
983 1480 1201 1546 valido
1256 1481 1580 1564 praesidio
1628 1482 2014 1548 Tarentinos
2067 1482 2384 1566 impetum

371 1592 450 1635 ex
495 1593 668 1657 arce,
714 1592 858 1637 cum
901 1568 1168 1653 vellent,
1221 1568 1502 1634 Romani
1553 1569 1865 1655 facerent,
1924 1572 2098 1636 vallo
2158 1572 2385 1636 urbem

373 1659 455 1724 ab
503 1680 648 1725 arce
700 1658 1125 1742 intersaepire
1180 1658 1415 1722 statuit
1467 1680 1599 1724 non
1654 1660 1789 1724 sine
1843 1660 1962 1723 illa
2008 1660 2205 1723 etiam
2252 1679 2385 1741 spe,

301 1755 334 1804 3
371 1767 516 1810 cum
561 1746 1055 1829 prohibentibus
1107 1766 1267 1830 opus
1313 1745 1625 1810 Romanis
1678 1768 1942 1811 manum
1994 1766 2186 1830 posse
2241 1765 2386 1809 con-

371 1835 497 1897 seri
542 1837 636 1919 et,
691 1836 749 1899 si
791 1834 1070 1900 ferocius
1128 1835 1709 1920 procucurrissent,
1761 1853 2001 1918 magna
2055 1833 2247 1898 caede
2292 1833 2383 1899 ita

372 1923 694 1987 attenuari
740 1923 1047 2007 praesidii
1092 1922 1291 2006 vires,
1346 1924 1422 1987 ut
1462 1921 1655 1989 facile
1699 1943 1817 2008 per
1863 1943 1930 1987 se
1975 1922 2103 2008 ipsi
2149 1920 2385 1987 Taren-

301 2020 336 2068 4
371 2010 496 2075 tini
530 2012 757 2076 urbem
795 2012 877 2077 ab
912 2011 995 2077 iis
1031 2012 1199 2077 tueri
1224 2015 1513 2094 possent.
1582 2012 1699 2077 ubi
1734 2014 2034 2094 coeptum
2071 2032 2241 2094 opus.
2271 2013 2386 2093 est,

370 2101 699 2182 patefacta
732 2103 998 2183 repente
1033 2104 1225 2183 porta
1259 2102 1575 2184 impetum
1610 2100 1681 2166 in
1706 2100 2058 2165 munientis
2095 2101 2386 2165 fecerunt

372 2189 654 2254 Romani
696 2189 980 2273 pellique
1027 2209 1096 2253 se
1143 2189 1341 2252 statio
1385 2211 1581 2272 passa
1626 2192 1752 2273 est,
1807 2211 1970 2272 quae
2025 2209 2144 2273 pro
2193 2208 2385 2271 opere

373 2279 538 2359 erat,
575 2279 650 2340 ut
676 2298 973 2341 successu
1000 2278 1313 2341 cresceret
1353 2277 1624 2341 audacia
1658 2277 2004 2360 pluresque
2033 2279 2099 2339 et
2124 2276 2383 2359 longius

303 2372 334 2421 5
371 2363 597 2447 pulsos
640 2366 1195 2449 persequerentur.
1237 2367 1379 2427 tum
1424 2365 1614 2447 signo
1661 2363 1810 2428 dato
1849 2363 2058 2428 coorti
2102 2362 2385 2446 undique

371 2452 573 2516 Poeni
619 2456 797 2536 sunt,
842 2474 1003 2536 quos
1037 2452 1389 2515 instructos
1427 2452 1508 2515 ad
1544 2451 1669 2516 hoe
1703 2450 2034 2516 Hannibal
2069 2452 2384 2515 tenuerat.

371 2560 491 2605 nec
535 2541 894 2606 sustinuere
948 2541 1263 2625 impetum
1308 2538 1613 2624 Romani,
1668 2540 1780 2604 sed
1834 2541 1915 2605 ab
1972 2540 2175 2605 effusa
2226 2538 2387 2625 fuga

374 2629 502 2693 loci
549 2629 888 2716 angustiae
934 2650 1045 2694 eos
1089 2628 1520 2711 impeditaque
1565 2628 1694 2693 alia
1741 2649 1933 2711 opere
1969 2628 2104 2693 iam
2140 2632 2386 2710 coept0,

305 2728 337 2777 6
376 2717 509 2783 alia
554 2720 872 2802 apparatu
918 2718 1130 2801 operis
1177 2717 1617 2782 morabantur.
1707 2716 1971 2800 plurimi
2016 2717 2086 2780 in
2141 2715 2387 2778 fossam

374 2808 902 2890 praecipitavere,
948 2806 1268 2888 occisique
1314 2808 1469 2868 sunt
1512 2805 1730 2888 plures
1778 2805 1847 2867 in
1891 2804 2047 2886 fuga
2084 2823 2278 2886 quam
2314 2802 2385 2866 in

305 2904 338 2953 '2
376 2914 614 2994 pugna.
694 2894 842 2957 inde
871 2915 1031 2976 opus
1059 2893 1239 2957 nullo
1266 2892 1653 2975 prohibente
1680 2891 1821 2955 fieri
1848 2893 2171 2973 coeptum:
2206 2889 2386 2955 fossa

374 2983 606 3063 ingens
645 2980 853 3062 dueta,
891 2985 957 3045 et
992 2980 1237 3044 vallum
1274 2980 1450 3043 intra
1486 2999 1630 3043 eam
1671 2978 1969 3062 erigitur3
2010 2978 2386 3064 modicoque
2426 3001 2450 3020 ⁸

375 3069 530 3151 post
581 3066 924 3131 intervallo
978 3088 1232 3131 murum
1297 3067 1493 3130 etiam
1556 3065 1779 3130 eadem
1832 3067 2095 3152 regione
2154 3066 2386 3132 addere

375 3156 589 3239 parat,
634 3158 710 3218 ut
752 3155 861 3220 vel
904 3154 1041 3219 sine
1086 3154 1412 3237 praesidio
1466 3153 1635 3217 tueri
1688 3175 1757 3218 se
1803 3154 2105 3220 adversus
2152 3154 2385 3220 Roma-

306 3254 340 3304 8
376 3266 494 3310 nos
522 3246 807 3327 possent.
851 3243 1119 3328 reliquit
1141 3245 1365 3313 tamen
1392 3242 1715 3306 modicum
1742 3244 2165 3327 praesidium,
2193 3242 2384 3307 simul

374 3337 448 3397 ut
489 3332 560 3397 in
601 3332 990 3418 perficiendo
1035 3353 1219 3396 muro
1265 3330 1616 3396 adiuvaret.
1687 3332 1829 3415 ipse
1873 3332 2202 3415 profectus
2241 3351 2386 3394 cum

376 3421 607 3486 ceteris
662 3421 866 3505 copiis
919 3420 1001 3487 ad
1058 3420 1403 3486 Galaesum
1456 3418 1699 3484 flumen
1748 3455 1823 3466 —
1876 3420 2151 3503 quinque
2204 3418 2388 3483 milia

306 3520 339 3567 9
377 3506 460 3571 ab
487 3509 645 3573 urbe
675 3510 863 3575 abest
893 3545 967 3559 -
999 3508 1219 3595 posuit
1245 3511 1477 3575 castra.
1535 3529 1613 3573 ex
1640 3508 1746 3573 his
1775 3506 2028 3572 stativis
2056 3526 2387 3589 regressus
