2654 3913
631 220 847 273 LIBER
883 220 1076 279 XXVI.
1152 221 1305 277 CAP.
1345 228 1428 277 30.
1468 229 1551 279 31.
1626 226 1700 295 [a.
1739 224 1798 279 C.
1836 228 1963 297 210]
2176 229 2304 293 149

286 362 537 429 dicione
581 386 699 449 pro
738 366 952 450 vobis,
997 370 1220 449 patres
1258 367 1631 452 conscripti,
1675 368 1852 433 bella
1887 370 2199 454 gerimus,
2233 376 2309 436 ut

287 451 494 517 victos
551 454 746 518 armis
807 458 1213 519 accusatores
1258 453 1640 539 habeamuS,
1689 455 1851 521 duae
1901 461 2128 541 captae
2182 459 2306 524 hoc

289 560 454 604 anno
509 542 730 626 urbes,
787 540 1009 626 Capua
1061 539 1368 607 Fulvium
1419 564 1629 627 reum,
1682 542 2059 610 Marcellum
2116 544 2304 630 Syra·

287 648 475 693 cusae
533 628 895 695 habeant.”
995 628 1234 695 XXXI.
1300 630 1583 696 reductis
1644 632 1715 695 in
1769 633 2032 698 curiam·
2067 634 2304 718 legatis
2344 646 2374 693 1

285 720 425 780 tum
464 718 687 782 consul
724 716 913 782 “non
950 717 1108 782 adeo
1148 718 1569 784 maiestatis”
1611 720 1824 804 inquit
1859 719 2142 805 “populi
2178 722 2303 788 Ro·

284 805 459 869 mani
506 806 888 890 imperiique
933 805 1125 870 huius
1173 806 1417 872 oblitus
1465 828 1633 892 sum,
1677 813 1897 892 patres
1935 812 2307 894 conscripti,

283 897 383 975 ut,
440 894 500 957 si
553 893 630 956 de
685 915 829 959 meo
891 894 1158 959 crimine
1218 896 1680 980 ambigeretur,
1740 899 1964 963 consul
2019 898 2303 964 dicturus

286 1002 546 1045 causam
588 982 1038 1047 accusantibus
1070 981 1331 1048 Graecis
1360 983 1612 1049 fuerim.
1685 985 1796 1049 sed
1822 1007 1954 1050 non
1991 987 2145 1070 quid
2182 1007 2301 1073 ego
2341 999 2374 1048 2

284 1068 550 1133 fecerim
602 1069 673 1133 in
718 1070 1236 1155 disquisitionem
1281 1072 1489 1157 venit,
1536 1108 1620 1119 —
1670 1094 1825 1138 nam
1871 1075 2181 1158 quidquid
2235 1075 2306 1139 in

286 1156 587 1223 hostibus
633 1158 756 1223 feci
801 1159 900 1225 ius
948 1160 1108 1224 belli
1161 1159 1452 1225 defendit
1500 1196 1609 1244 —,
1655 1161 1765 1226 sed
1812 1163 1964 1246 quid
2009 1164 2122 1228 isti
2164 1165 2307 1247 pati

285 1244 640 1311 debuerint.
732 1249 844 1330 qui
899 1248 956 1312 si
1009 1269 1142 1313 non
1193 1248 1457 1313 fuerunt
1499 1249 1750 1331 hostes,
1802 1250 1974 1315 nihil
2016 1251 2304 1335 interest,

284 1355 452 1398 nunc
483 1355 567 1398 an
596 1336 744 1399 vivo
773 1333 1058 1399 Hierone
1087 1334 1441 1418 Syracusas
1478 1335 1873 1401 violaverim.
1945 1337 2048 1401 sin
2084 1342 2302 1403 autem
2340 1351 2373 1400 3

286 1422 694 1486 desciverunt
748 1444 788 1486 a
840 1423 1080 1506 populo
1135 1422 1460 1506 Romano,
1517 1423 1769 1507 legatos
1824 1428 2081 1490 nostros
2132 1424 2303 1491 ferro

287 1512 480 1593 atque
537 1509 736 1573 armis
791 1510 1145 1594 petierunt,
1198 1510 1425 1574 urbem
1484 1532 1558 1575 ac
1612 1511 1867 1576 moenia
1920 1511 2306 1597 clauserunt,

288 1597 694 1681 exercituque
728 1594 1367 1682 Carthaginiensium
1405 1598 1708 1663 adversus
1742 1620 1863 1664 nos
1901 1601 2101 1666 tutati
2138 1606 2306 1686 sunt,

288 1685 431 1769 quis
494 1706 722 1769 passos
790 1706 931 1751 esse
986 1686 1284 1771 hostilia,
1337 1708 1479 1752 cum
1535 1686 1833 1772 fecerint,
1886 1689 2304 1774 indignatur?

286 1774 603 1838 tradentis
667 1776 892 1839 urbem
965 1775 1284 1859 principes
1350 1773 1904 1858 Syracusanorum
1972 1781 2302 1844 aversatus
2339 1792 2376 1841 4

285 1883 454 1947 sum3
512 1859 723 1927 Sosim
782 1868 847 1928 εὴ
899 1862 1254 1929 Moericum
1306 1862 1696 1949 Hispanum,
1759 1866 1994 1949 quibus
2050 1869 2304 1932 tantam

283 1971 414 2015 rem
460 1950 810 2035 crederem,
855 1952 1143 2035 potiores
1190 1952 1409 2018 habui.
1488 1975 1619 2018 non
1665 1955 1819 2018 estis
1868 1956 2138 2041 ennam}
2184 1954 2302 2040 Sy-

284 2059 775 2120 racusanorum,
831 2039 1066 2123 quippe
1121 2040 1232 2123 qui
1287 2040 1434 2104 aliis
1492 2040 1929 2127 humilitatem
1975 2043 2303 2108 obiciatis:

284 2125 430 2208 quis
479 2128 578 2189 est
621 2128 938 2209 vestrum,
992 2127 1103 2209 qui
1148 2148 1216 2191 se
1261 2127 1422 2192 mihi
1466 2130 1696 2211 portas·
1723 2130 2137 2213 aperturum,
2181 2130 2303 2214 'qui
2340 2143 2372 2192 5

286 2217 570 2278 armatos
600 2213 844 2279 milites
871 2235 1049 2279 meos
1089 2215 1159 2280 in
1183 2215 1412 2280 urbem
1440 2220 1849 2299 accepturum
1885 2218 2302 2302 promiserit?

284 2302 514 2367 odistis
581 2306 648 2366 et
716 2303 1138 2368 exsecramini
1202 2325 1341 2388 eos,
1404 2304 1515 2389 qui
1566 2304 1882 2389 fecerunt,
1942 2310 2009 2371 et
2060 2329 2141 2372 ne
2196 2308 2306 2374 hic

284 2391 542 2473 quidem
599 2392 1007 2458 contumeliis
1062 2392 1130 2457 in
1185 2413 1295 2458 eos
1351 2392 1634 2459 dicendis
1688 2395 1986 2478 parcitis:
2046 2398 2301 2463 tantum

282 2479 492 2559 abest,
537 2482 614 2542 ut
658 2483 725 2543 et
773 2481 904 2562 ipsi
948 2480 1081 2545 tale
1132 2481 1476 2564 quicquam
1520 2482 1756 2547 facturi
1800 2483 2069 2549 fueritis.
2158 2487 2303 2568 ipsa
2339 2509 2372 2558 6

283 2567 620 2630 humilitas
659 2587 908 2649 eorum,
944 2572 1164 2651 patres
1203 2570 1579 2652 conscripti,
1616 2591 1808 2650 quam
1844 2571 1958 2634 isti
1996 2571 2302 2654 obiciunt,

281 2654 566 2719 maximo
634 2657 1018 2737 argumento
1083 2657 1184 2718 est
1244 2676 1348 2719 me
1410 2655 1761 2738 neminem,
1824 2658 1935 2739 qui
1996 2661 2302 2723 navatam

283 2763 547 2827 operam
586 2743 681 2806 rei
708 2742 1004 2825 publicae
1040 2746 1305 2807 nostrae
1332 2743 1559 2825 vellet,
1599 2747 1966 2809 aversatum
2006 2766 2163 2810 esse.
2237 2752 2303 2813 et
2341 2760 2371 2809 7

286 2835 633 2916 antequam
673 2830 1034 2897 obsiderem
1067 2827 1454 2914 Syracusas,
1489 2852 1658 2895 nunc
1694 2831 1929 2917 legatis
1966 2834 2303 2901 mittendis

211 2940 215 2944 ·
282 2941 452 3003 nunc
499 2919 578 2984 ad
623 2919 1040 3003 conloquium
1087 2917 1293 2985 eundo
1349 2921 1668 3002 temptavi
1712 2942 1966 3006 pacem3
2022 2926 2088 2987 et
2130 2927 2305 3007 post—

284 3028 557 3090 eaquam
610 3029 818 3091 neque
874 3009 1131 3092 legatos
1185 3007 1475 3073 violandi
1528 3009 1912 3074 verecundia
1967 3015 2133 3096 erat,
2186 3033 2305 3077 nec

282 3095 445 3160 mihi
483 3096 612 3179 ipsi
649 3117 998 3182 congresso
1037 3096 1120 3161 ad
1155 3099 1381 3179 portas
1419 3118 1565 3162 cum
1601 3098 2003 3182 principibus
2039 3121 2303 3184 respon-

279 3205 426 3248 sum
464 3184 769 3267 dabatur,
802 3184 1023 3250 multis
1060 3188 1237 3250 terra
1273 3186 1563 3268 marique
1601 3185 1933 3252 exhaustis
1970 3187 2302 3253 laboribus

278 3272 546 3337 tandem
603 3273 670 3337 vi
726 3276 918 3356 atque
974 3273 1171 3338 armis
1219 3271 1570 3356 Syracusas
1626 3275 1786 3357 cepi.
1878 3296 2042 3358 quae
2092 3276 2300 3358 captis
2338 3288 2373 3337 8

277 3361 661 3444 acciderint,
700 3362 871 3447 apud
907 3360 1342 3426 Hannibalem
1381 3365 1446 3427 et
1481 3359 2055 3448 Carthaginienses
2090 3364 2301 3430 victos

278 3449 515 3515 iustius
555 3470 750 3535 quam
780 3450 950 3534 apud
976 3449 1243 3515 victoris
1280 3449 1508 3534 populi
1547 3455 1840 3516 senatum
1867 3457 2303 3536 quererentur.

278 3558 433 3624 eg0,
468 3542 690 3624 patres
722 3538 1100 3624 conscripti,
1131 3535 1485 3622 Syracusas
1517 3538 1831 3625 spoliatas
1863 3540 1919 3605 si
1945 3544 2300 3628 negaturus
2338 3553 2370 3601 9
