2654 3913
640 204 852 284 LIBER
889 206 1082 260 XXIV.
1159 208 1309 263 CAP.
1349 215 1432 262 44.
1473 215 1555 264 45.
1633 212 1704 281 [a.
1745 211 1802 266 C.
1841 213 1968 283 213]
2220 212 2308 276 49
2344 272 2351 278 .

296 353 637 436 mentoque
682 354 751 417 in
795 350 956 413 alias
997 351 1161 427 lecto
1173 401 1191 434 ,
1227 353 1605 436 priusquam
1643 354 1725 418 ab
1762 354 1920 420 urbe
1958 361 2309 442 moverent,

294 440 595 526 prodigia
632 440 1087 524 procurarunt,
1142 461 1305 523 quae
1351 442 1653 505 nuntiata
1700 446 1901 509 erant.
1975 468 2197 510 murus
2234 467 2309 510 ac
2346 455 2384 505 8

293 533 487 615 porta
533 527 796 595 Caietae
853 530 919 590 et
964 524 1222 591 Ariciae
1279 528 1475 593 etiam
1532 527 1705 594 Iovis
1762 531 1940 596 aedis
1996 534 2072 597 de
2130 535 2309 598 caelo

294 623 470 684 tacta
505 617 737 683 fuerat.
811 616 878 678 et
915 615 1046 678 alia
1080 615 1364 680 ludibria
1401 617 1735 683 oculorum
1763 621 2139 705 auriumque
2178 643 2310 687 cre-

295 707 434 772 dita
478 728 595 790 pro
646 707 848 771 veris:
902 703 1164 767 navium
1219 704 1563 787 longarum
1622 707 1867 788 species
1923 709 1994 772 in
2046 710 2309 774 flumine

295 794 715 878 Tarracinae,
763 814 923 877 quae
961 791 1177 854 nullae
1217 797 1429 876 erant,
1467 793 1672 876 visae3
1720 796 1785 858 et
1820 796 1889 859 in
1923 795 2096 862 Iovis
2133 796 2309 862 Vici·

297 883 412 947 lini
458 883 728 966 templo,
788 880 957 964 quod
1010 880 1078 942 in
1124 876 1487 962 Compsano
1547 900 1703 965 agro
1751 886 1877 965 est,
1933 906 2113 949 arma
2160 907 2308 965 con-

269 969 645 1054 crepuisse,
693 973 759 1034 et
802 969 1038 1033 flumen
1087 964 1413 1032 Amiterni
1459 973 1793 1034 cruentum
1839 970 2116 1038 fluxisse.
2206 973 2309 1039 his
2346 985 2381 1032 9

296 1059 658 1140 procuratis
688 1079 763 1121 ex
793 1057 1046 1121 decreto
1075 1055 1455 1137 pontificum
1482 1057 1757 1139 profecti
1788 1061 2081 1124 consules
2091 1111 2109 1144 ,
2138 1057 2310 1125 Sem-

295 1146 563 1229 pronius
617 1147 686 1211 in
739 1144 1059 1228 Lucanos,
1114 1142 1180 1206 in
1236 1141 1544 1226 Apuliam
1584 1143 1848 1212 Fabius,
1937 1151 2123 1230 pater
2176 1150 2311 1215 filio

294 1233 550 1317 legatus
606 1234 687 1298 ad
743 1232 1116 1298 Suessulam
1172 1231 1242 1293 in
1295 1235 1510 1295 castra
1563 1233 1769 1298 venit·
1851 1255 1995 1300 cum
2051 1236 2311 1302 obviam
2352 1248 2418 1297 10

234 1348 243 1353 ·
296 1322 469 1387 filius
516 1322 1039 1407 progrederetur,
1091 1318 1478 1402 lictoresque
1524 1321 1904 1387 verecundia
1947 1323 2310 1391 maiestatis

216 1405 222 1412 ’
296 1411 436 1475 eius
473 1411 656 1474 taciti
694 1410 1043 1491 anteirent,
1081 1408 1340 1490 praeter
1367 1407 1663 1483 undecim
1699 1409 1906 1473 fasces
1936 1430 2100 1492 equo
2129 1434 2310 1494 prae-

298 1501 519 1580 vectus
561 1519 780 1581 senex,
815 1500 889 1560 ut
924 1495 1148 1560 consul
1188 1494 1697 1560 animadvertere
1724 1497 2090 1579 proximum
2128 1500 2311 1564 licto-

297 1608 436 1650 rem
483 1585 674 1650 iussit
720 1589 786 1651 et
829 1585 912 1667 is,
965 1586 1041 1648 ut
1084 1582 1496 1646 descenderet
1551 1605 1627 1647 ex
1683 1605 1874 1667 equo,
1919 1585 2312 1669 inclamavit,

300 1677 438 1738 tum
500 1673 755 1738 demum
814 1672 1116 1737 desiliens
1178 1669 1566 1753 “experiri''
1627 1672 1838 1754 inquit
1885 1671 2142 1758 “volui,
2199 1676 2313 1760 fili,

299 1760 488 1827 satin'
532 1762 731 1827 scires
781 1760 1105 1826 consulem
1151 1761 1218 1823 te
1265 1756 1470 1848 esse.''
1939 1776 1982 1802 ·-

474 1849 677 1920 XLV„
713 1849 792 1913 In
837 1870 915 1913 ea
961 1851 1176 1913 castra
1211 1845 1450 1910 Dasius
1489 1845 1778 1911 Altinius
1817 1847 2103 1931 Arpinus
2144 1851 2312 1917 clam
2352 1863 2381 1910 1

299 1942 487 2004 nocte
536 1960 682 2003 cum
718 1938 929 2003 tribus
967 1935 1170 2001 servis
1207 1933 1387 2018 venit
1421 1935 1830 2021 promittens,
1871 1937 1926 2000 si
1966 1938 2090 2003 sibi
2126 1961 2312 2021 prae-

301 2026 433 2090 mio
487 2025 681 2110 foret,
737 2048 807 2091 se
860 2025 1074 2106 Arpos
1128 2023 1531 2107 proditurum
1592 2046 1746 2089 esse.
1841 2046 1982 2089 eam
2035 2048 2174 2091 rem
2231 2029 2311 2093 ad
2349 2038 2382 2087 2

301 2113 641 2179 consilium
688 2133 827 2179 cum
880 2111 1243 2176 rettulisset
1284 2109 1552 2193 Fabius,
1581 2173 1592 2192 ,-
1608 2112 1750 2176 aliis
1807 2134 1924 2195 pro
1971 2114 2312 2201 transfuga

301 2200 735 2266 verberandus
781 2198 1228 2283 necandusque
1280 2199 1486 2264 videri
1534 2200 1832 2283 ancipitis
1889 2200 2089 2266 animi
2144 2223 2313 2267 com-

299 2290 511 2355 munis
556 2289 794 2374 hostis,
849 2289 959 2374 qui
1012 2293 1163 2372 post
1208 2285 1607 2352 Cannensem
1663 2288 1935 2372 cladem,
1981 2293 2312 2375 tamquam

300 2400 446 2443 cum
480 2378 746 2443 fortuna
780 2377 972 2443 fidem
1011 2381 1185 2442 stare
1223 2378 1578 2460 oporteret,
1616 2376 1699 2441 ad
1735 2375 2172 2442 Hannibalem
2207 2380 2312 2445 de-

300 2466 527 2531 scisset
553 2467 982 2550 traxissetque
1014 2465 1093 2530 ad
1121 2464 1545 2530 defectionem
1564 2463 1803 2550 Arpos3
1830 2469 1989 2550 tum,
2009 2467 2310 2549 quoniam
2349 2477 2384 2524 3

241 2550 245 2556 ’
300 2574 403 2618 res
439 2553 738 2618 Romana
784 2559 1010 2620 contra
1054 2575 1236 2637 spem
1271 2554 1547 2637 votaque
1586 2554 1722 2617 eius
1759 2553 1933 2616 velut
1977 2575 2312 2640 resurgere

302 2641 384 2706 ab
434 2640 742 2724 stirpibus
788 2642 1108 2724 videatur,
1153 2661 1387 2706 novam
1423 2640 1663 2704 referre
1698 2640 2133 2721 proditionem
2171 2663 2313 2723 pro-

300 2729 455 2795 ditis
502 2730 918 2814 polliceatur,
965 2729 1222 2794 aliunde
1260 2730 1391 2794 stet
1437 2748 1712 2810 semper,
1759 2726 2011 2814 aliunde
2057 2728 2313 2811 sentiat,

299 2817 534 2882 infidus
582 2818 821 2902 socius,
867 2839 1071 2882 vanus
1109 2817 1343 2900 hostis;
1393 2816 1473 2880 ad
1520 2813 1918 2878 Faleriorum
1955 2813 2313 2898 Pyrrhique

301 2905 691 2989 proditorem
751 2906 1019 2970 tertium
1073 2906 1428 2988 transfugis
1486 2904 1558 2967 id
1609 2902 2060 2967 documentum
2126 2906 2312 2969 esset.

198 2995 203 3002 ’
303 2997 528 3057 contra
591 3014 665 3057 ea
729 2994 1011 3059 consulis
1080 2995 1267 3076 pater
1330 2991 1572 3056 Fabius
1635 2994 2001 3074 temporum
2076 2993 2312 3059 oblitos
2350 3001 2388 3050 4

303 3080 601 3144 homines
628 3081 694 3144 in
723 3081 935 3145 medio
967 3080 1193 3146 ardore
1220 3080 1403 3162 belli,
1431 3083 1767 3164 tamquam
1803 3080 1874 3143 in
1900 3100 2082 3165 pace,
2108 3081 2315 3146 libera

302 3168 381 3232 de
429 3188 679 3251 quoque
726 3169 996 3233 arbitria
1042 3187 1233 3252 agere
1271 3168 1515 3250 aiebat,
1560 3170 1658 3250 ut,
1706 3189 1851 3232 cum
1887 3168 2051 3232 illud
2095 3169 2313 3250 potius
2350 3175 2385 3224 6

305 3256 632 3340 agendum
663 3258 853 3356 atque
883 3256 1293 3340 cogitandum
1323 3256 1436 3338 sit,
1466 3256 1522 3320 si
1552 3276 1676 3338 quo
1706 3255 1898 3319 modo
1926 3256 2066 3318 fieri
2088 3253 2316 3336 possit,

301 3365 381 3408 ne
429 3345 538 3427 qui
587 3343 747 3408 soc1i
793 3364 836 3408 a
879 3345 1116 3427 populo
1154 3343 1448 3408 Romano
1488 3343 1848 3407 desciscant
1882 3345 1949 3405 et
1982 3341 2135 3404 novi
2172 3361 2315 3405 con-

261 3432 629 3515 -cilientur,
679 3431 1132 3496 documentum
1177 3434 1398 3497 tamen
1459 3430 1710 3494 dicatur
1756 3428 1958 3492 statui
2004 3430 2318 3511 oportere,

303 3519 361 3582 si
425 3520 567 3603 quis
632 3519 974 3602 resipiscat
1039 3523 1106 3584 et
1170 3520 1500 3602 antiquam
1561 3517 1958 3581 societatem.
1997 3516 2316 3599 respiciat.

408 3632 632 3673 r1·.1,1v1.
684 3632 773 3673 111.
1854 3624 1889 3672 4
