2654 3913
636 188 851 242 LIBER
885 188 1079 243 XXIV.
1156 188 1311 244 CAP.
1351 196 1436 244 36.
1475 195 1558 245 37.
1635 190 1711 261 [a.
1752 190 1808 245 c.
1846 192 1975 262 214]
2218 192 2302 254 41

291 333 663 482 aragnayis
692 337 1217 417 commeatusque
1256 334 1464 398 omnis
1503 334 1756 419 generis
1796 333 2086 399 convecti
2124 339 2307 400 erant

353 441 616 485 omamS.

467 507 798 574 XXXVII.
844 509 949 573 Ad
983 508 1152 574 hanc
1188 509 1611 575 defectionem
1642 511 1839 575 erecti
1875 513 2025 575 sunt
2052 513 2117 574 et
2149 511 2305 575 alia-
2347 524 2374 571 1

292 618 434 660 rum
472 597 837 662 civitatium
875 597 1101 681 animi,
1144 598 1592 682 praesidiaque
1630 584 1925 662 Romana
1970 602 2083 663 aut
2117 599 2309 681 pelle-

290 684 530 749 bantur
567 685 821 750 arcibus
852 690 964 751 aut
988 686 1247 769 prodita
1283 708 1399 769 per
1434 686 1723 751 fraudem
1763 687 2308 769 opprimebantur.

291 771 551 923 genna,
597 773 850 839 excelso
895 775 1037 840 loco
1095 795 1170 839 ac
1214 778 1563 857 praerupto
1619 774 1900 857 undique
1954 774 2106 857 sita,
2161 795 2307 838 cum
2343 787 2376 835 2

319 881 434 925 oco
481 861 1001 945 inexpugnabilis
1050 865 1211 945 erat,
1250 865 1397 946 QQ
1429 861 1820 953 praesidium
1845 861 1924 945 ‚in
1955 883 2104 933 arce
2146 850 2307 926 ἷῖειᾚ-

296 948 449 1013 dum
503 949 1023 1032 praefectumque
1077 950 1384 1034 praesidii
1436 938 1819 1027 hffi‘idjsane
1876 936 2308 1034 opportunum

294 1035 749 1120 insidiantibus
779 1038 1082 1103 habebat.
1155 1037 1228 1102 L.
1256 1037 1553 1103 Pinarius
1592 1042 1758 1124 erat,
1793 1039 1893 1102 vir
1931 1059 2077 1119 acer
2105 1060 2138 1104 e
2240 1039 2308 1103 ui
2344 1050 2378 1099 3

292 1125 438 1209 plus
485 1125 554 1188 in
600 1147 702 1211 eo,
748 1147 831 1191 ne
875 1130 1099 1210 posset
1145 1125 1383 1209 decipi,
1429 1148 1623 1209 quam
1665 1127 1734 1191 in
1779 1127 1904 1192 fide
1942 1124 2091 1191 Sicu
2120 1148 2305 1192 orum

294 1217 652 1296 reponeret.
723 1218 787 1278 et
829 1218 970 1279 tum
1006 1214 1420 1278 intenderant
1465 1236 1611 1279 eum
1656 1214 1737 1278 ad
1783 1215 2047 1280 cavendi
2093 1216 2310 1280 omnia

295 1323 515 1367 curam
552 1305 653 1367 tot
672 1302 941 1383 „auditae
978 1302 1377 1387 proditiones
1406 1302 1923 1387 defectionesque
1951 1302 2207 1368 urbium
2245 1306 2328 1367 etv

296 1390 510 1454 clades
556 1384 1337 1474 praksidiorm‘fffaque
1373 1391 1472 1456 die
1505 1410 1579 1456 ac
1621 1394 1808 1454 nocte
1854 1391 2036 1454 iuxta
2079 1395 2308 1474 parata
2343 1403 2381 1451 4

295 1478 736 1560 instructaque
784 1479 1001 1543 omnia
1045 1478 1354 1544 custodiis
1402 1500 1476 1544 ac
1514 1478 1758 1564 vigiliis
1807 1462 2022 1561 erfffi't'ss
2061 1499 2179 1543 nec
2225 1477 2306 1542 ab

296 1566 493 1630 armis
522 1569 634 1631 aut
660 1566 801 1631 loco
833 1588 949 1631 suo
978 1566 1162 1631 miles
1192 1567 1624 1632 abscedebat.e
1707 1566 1835 1631 uod
1871 1567 1982 1631 ubi
2009 1564 2307 1629 Hennen-
2345 1578 2379 1626 5

297 1654 465 1718 sium
503 1653 826 1737 principes
864 1655 994 1718 iam
1076 1676 1151 1719 ac
1189 1655 1201 1668 '
1243 1676 1388 1720 cum
1428 1588 1795 1719 Himilcdne
1833 1654 1909 1718 de
1945 1654 2308 1739 proditione

293 1741 600 1824 praesidii
645 1743 1015 1808 animadver
1050 1746 1241 1808 erunt
1294 1743 1457 1810 nulli
1514 1742 1836 1808 occasioni
1889 1742 2135 1807 fraudis
2182 1739 2309 1806 Ro-

296 1852 556 1897 manum
584 1834 836 1915 patere,
913 1831 1084 1913 alam
1122 1852 1197 1895 ac
1223 1831 1290 1895 vi
1317 1832 1446 1895 rati
1474 1816 2049 1916 agendummrbem
2070 1851 2308 1895 arcem·
2346 1843 2380 1891 6

297 1940 419 2002 que
467 1940 619 1985 suae
665 1920 1010 2003 potestatis
1059 1920 1241 1985 aiunt
1286 1919 1516 1984 debere
1556 1941 1722 2004 esse,
1769 1919 1825 1983 si
1861 1919 2050 1984 liberi
2093 1919 2162 1984 in
2210 1939 2309 1985 so-

296 2008 626 2092 cietatem,
681 2030 812 2072 non
866 2008 1034 2075 servi
1087 2009 1158 2072 in
1212 2008 1569 2074 custodiam
1623 2007 1851 2073 traditi
1918 2011 2132 2073 essent
2180 2007 2309 2073 Ro-

297 2095 526 2161 manis.
631 2095 848 2180 itaque
918 2097 1130 2198 cla-ges
1199 2100 1532 2179 portarum
1599 2096 1778 2160 reddi
1841 2095 1970 2159 sibi
2036 2116 2308 2178 aequom
2346 2107 2376 2155 7

290 2186 585 2249 censent:
629 2183 819 2248 bonis
867 2184 1055 2250 sociis
1109 2184 1298 2249 fidem
1357 2206 1543 2250 suam
1588 2184 1941 2249 maximum
1985 2184 2309 2248 vinculum

297 2293 466 2355 esse,
542 2275 611 2337 et
687 2273 782 2336 ita
853 2272 979 2337 sibi
1052 2274 1367 2357 populum
1444 2273 1811 2339 Romanum
1887 2275 2310 2355 senatumque

295 2360 539 2445 gratias
603 2360 1008 2445 habiturum,
1071 2361 1129 2425 si
1192 2362 1481 2426 volentes
1548 2383 1622 2427 ac
1682 2382 1815 2426 non
1874 2361 2079 2428 coacti
2133 2381 2309 2424 man-

296 2450 533 2513 sissent
585 2449 655 2512 in
712 2449 1016 2515 amicitia.
1106 2450 1187 2514 ad
1234 2470 1312 2514 ea
1357 2449 1686 2515 Romanus
1744 2471 1812 2514 se
1867 2450 1934 2515 in
1988 2448 2308 2533 praesidio
2347 2460 2383 2508 8

295 2536 382 2600 im
435 2537 672 2602 os‘tum
734 2558 872 2601 esse
931 2537 1142 2602 dicere
1203 2537 1284 2603 ab
1346 2537 1731 2622 imperatore
1792 2559 1908 2602 suo
1973 2539 2310 2620 clavesque

295 2644 380 2707 po
451 2645 635 2688 arum
690 2627 755 2688 et
813 2625 1172 2689 custodiam
1233 2626 1398 2690 arcis
1459 2626 1540 2695 ab
1601 2647 1676 2691 eo
1739 2623 2126 2707 accepissest
2148 2643 2310 2706 quae

295 2733 415 2777 nec
471 2733 585 2777 suo
643 2732 762 2776 nec
809 2711 1253 2778 Hennensium
1308 2713 1579 2778 arbitrio
1635 2713 1932 2792 haberet,
1989 2689 2110 2775 sed¹
2156 2711 2311 2792 eius,
2410 2715 2414 2719 ’

295 2801 405 2884 qui
461 2800 910 2867 commisisset.
1008 2802 1331 2884 praesidio
1389 2801 1689 2866 decedere
1754 2800 1925 2883 apud
1981 2799 2310 2865 Romanos
2349 2810 2383 2858 9

297 2888 535 2984 cap-ital
596 2876 767 2973 'e's‘se‚
833 2893 900 2954 et
960 2911 1118 2954 nece
1181 2890 1533 2955 liberorum
1598 2889 1794 2954 etiam
1850 2910 2114 2955 suorum
2169 2909 2311 2954 eam

294 2980 598 3058 parentes
651 2998 883 3043 noxam
935 2978 1244 3043 sanxisse.
1337 2979 1663 3043 consulem
1716 2976 2096 3044 Marcellum
2140 2977 2313 3045 haud

295 3064 521 3146 procul
567 3086 731 3130 esse:
779 3066 861 3131 ad
908 3087 1054 3130 eum
1090 3067 1427 3132 mitterent
1461 3068 1743 3152 legatos,
1873 3068 1967 3131 'us
2014 3067 2173 3132 iuris
2221 3071 2314 3133 at-

294 3172 421 3234 que
480 3151 733 3217 arbitrii
784 3173 882 3219 res
938 3158 1126 3219 esset.
1222 3175 1291 3218 se
1345 3176 1499 3221 vero
1554 3177 1632 3219 ne
1684 3177 1792 3220 are
1926 3177 1948 3217 1
2002 3157 2310 3219 missuros
2351 3162 2418 3210 10

293 3240 674 3324 testarique,
720 3241 776 3304 si
821 3241 1035 3306 verbis
1079 3242 1244 3306 nihil
1291 3264 1330 3307 a
1379 3247 1587 3327 erent,
1631 3243 1983 3337 vindictam
2025 3243 2310 3323 aliquam

293 3326 621 3414 libertatis
680 3349 834 3393 suae
883 3331 1251 3411 quaesituro
1324 3393 1327 3396 ,
1381 3336 1535 3395 tum
1580 3330 1905 3395 Pinarius:
1961 3332 2030 3392 at
2082 3328 2208 3412 illi,
2255 3329 2311 3393 si
2352 3338 2412 3386 11

294 3415 374 3480 ad
422 3417 754 3481 consulem
813 3423 1239 3500 gravarentur
1291 3421 1577 3502 mittere,
1637 3417 1763 3481 sibi
1810 3416 2037 3480 saltem
2084 3417 2313 3482 darent

290 3506 516 3590 populi
566 3504 939 3591 concilium,
983 3508 1058 3570 ut
1102 3507 1401 3592 sciretur,
1435 3510 1653 3571 utrum
1687 3524 2039 3590 paucorum
2086 3526 2162 3569 ea
2206 3504 2309 3569 de-
