<?xml version="1.0" encoding="UTF-8"?>
<!DOCTYPE html PUBLIC "-//W3C//DTD XHTML 1.0 Transitional//EN"
    "http://www.w3.org/TR/xhtml1/DTD/xhtml1-transitional.dtd">
<html xmlns="http://www.w3.org/1999/xhtml" xml:lang="en" lang="en">
 <head>
  <title>
</title>
<meta http-equiv="Content-Type" content="text/html;charset=utf-8" />
  <meta name='ocr-system' content='tesseract 3.04.00' />
  <meta name='ocr-capabilities' content='ocr_page ocr_carea ocr_par ocr_line ocrx_word'/>
</head>
<body>
  <div class='ocr_page' id='page_1' title='image "./aburbeconditali16livygoog_0081.png"; bbox 0 0 2654 3913; ppageno 0'>
   <div class='ocr_carea' id='block_1_1' title="bbox 607 198 2278 272">
    <p class='ocr_par' dir='ltr' id='par_1_1' title="bbox 607 198 2278 272">
     <span class='ocr_line' id='line_1_1' title="bbox 607 198 2278 272; baseline 0.008 -20"><span class='ocrx_word' id='word_1_1' title='bbox 607 198 821 253; x_wconf 81' lang='lat' dir='ltr'>LIBER</span> <span class='ocrx_word' id='word_1_2' title='bbox 856 199 1026 254; x_wconf 85' lang='lat' dir='ltr'>XXV.</span> <span class='ocrx_word' id='word_1_3' title='bbox 1104 198 1256 254; x_wconf 85' lang='lat' dir='ltr'><strong>CAP.</strong></span> <span class='ocrx_word' id='word_1_4' title='bbox 1299 206 1381 254; x_wconf 86' lang='lat'><strong>13.</strong></span> <span class='ocrx_word' id='word_1_5' title='bbox 1425 205 1506 254; x_wconf 84' lang='lat'><strong>14.</strong></span> <span class='ocrx_word' id='word_1_6' title='bbox 1584 201 1656 270; x_wconf 86' lang='lat' dir='ltr'><strong>[a.</strong></span> <span class='ocrx_word' id='word_1_7' title='bbox 1698 199 1756 255; x_wconf 85' lang='lat' dir='ltr'><strong>c.</strong></span> <span class='ocrx_word' id='word_1_8' title='bbox 1792 202 1922 272; x_wconf 79' lang='lat'>212]</span> <span class='ocrx_word' id='word_1_9' title='bbox 2196 202 2278 267; x_wconf 84' lang='lat'><strong>73</strong></span> 
     </span>
    </p>
   </div>
   <div class='ocr_carea' id='block_1_2' title="bbox 258 342 2398 3606">
    <p class='ocr_par' dir='ltr' id='par_1_2' title="bbox 258 342 2398 3606">
     <span class='ocr_line' id='line_1_2' title="bbox 260 342 2346 429; baseline -0.001 -21"><span class='ocrx_word' id='word_1_10' title='bbox 260 365 379 429; x_wconf 91' lang='lat' dir='ltr'><strong>per</strong></span> <span class='ocrx_word' id='word_1_11' title='bbox 425 345 625 409; x_wconf 90' lang='lat' dir='ltr'><strong>ardua</strong></span> <span class='ocrx_word' id='word_1_12' title='bbox 669 343 912 409; x_wconf 92' lang='lat' dir='ltr'><strong>hostes.</strong></span> <span class='ocrx_word' id='word_1_13' title='bbox 993 342 1167 408; x_wconf 90' lang='lat' dir='ltr'><strong>XIV.</strong></span> <span class='ocrx_word' id='word_1_14' title='bbox 1214 343 1417 407; x_wconf 84' lang='lat' dir='ltr'><strong>vincit</strong></span> <span class='ocrx_word' id='word_1_15' title='bbox 1459 346 1680 408; x_wconf 91' lang='lat' dir='ltr'><strong>tamen</strong></span> <span class='ocrx_word' id='word_1_16' title='bbox 1725 345 1940 408; x_wconf 87' lang='lat' dir='ltr'><strong>omnia</strong></span> <span class='ocrx_word' id='word_1_17' title='bbox 1984 346 2281 428; x_wconf 87' lang='lat' dir='ltr'><strong>pertinax</strong></span> <span class='ocrx_word' id='word_1_18' title='bbox 2319 359 2346 406; x_wconf 89' lang='lat'>1</span> 
     </span>
     <span class='ocr_line' id='line_1_3' title="bbox 259 431 2280 516; baseline -0 -17"><span class='ocrx_word' id='word_1_19' title='bbox 259 434 496 516; x_wconf 75' lang='lat' dir='ltr'><strong>virtue,</strong></span> <span class='ocrx_word' id='word_1_20' title='bbox 543 436 609 496; x_wconf 90' lang='lat' dir='ltr'><strong>et</strong></span> <span class='ocrx_word' id='word_1_21' title='bbox 655 433 904 516; x_wconf 88' lang='lat' dir='ltr'><strong>aliquot</strong></span> <span class='ocrx_word' id='word_1_22' title='bbox 950 431 1483 515; x_wconf 86' lang='lat' dir='ltr'><strong>simul-partibus</strong></span> <span class='ocrx_word' id='word_1_23' title='bbox 1532 432 1614 496; x_wconf 90' lang='lat' dir='ltr'><strong>ad</strong></span> <span class='ocrx_word' id='word_1_24' title='bbox 1659 433 1901 497; x_wconf 87' lang='lat' dir='ltr'><strong>vallum</strong></span> <span class='ocrx_word' id='word_1_25' title='bbox 1949 454 2025 497; x_wconf 90' lang='lat' dir='ltr'><strong>ac</strong></span> <span class='ocrx_word' id='word_1_26' title='bbox 2070 432 2280 498; x_wconf 87' lang='lat' dir='ltr'><strong>fossas</strong></span> 
     </span>
     <span class='ocr_line' id='line_1_4' title="bbox 258 519 2279 606; baseline -0 -20"><span class='ocrx_word' id='word_1_27' title='bbox 258 523 641 606; x_wconf 84' lang='lat' dir='ltr'><strong>perventum</strong></span> <span class='ocrx_word' id='word_1_28' title='bbox 687 525 814 605; x_wconf 91' lang='lat' dir='ltr'><strong>est,</strong></span> <span class='ocrx_word' id='word_1_29' title='bbox 862 520 974 585; x_wconf 90' lang='lat' dir='ltr'><strong>sed</strong></span> <span class='ocrx_word' id='word_1_30' title='bbox 1020 542 1164 585; x_wconf 94' lang='lat' dir='ltr'><strong>cum</strong></span> <span class='ocrx_word' id='word_1_31' title='bbox 1210 519 1432 584; x_wconf 90' lang='lat' dir='ltr'><strong>multis</strong></span> <span class='ocrx_word' id='word_1_32' title='bbox 1471 520 1840 585; x_wconf 84' lang='lat' dir='ltr'><strong>vulneribus</strong></span> <span class='ocrx_word' id='word_1_33' title='bbox 1880 542 1955 586; x_wconf 90' lang='lat' dir='ltr'><strong>ac</strong></span> <span class='ocrx_word' id='word_1_34' title='bbox 1999 522 2279 585; x_wconf 87' lang='lat' dir='ltr'><strong>militum</strong></span> 
     </span>
     <span class='ocr_line' id='line_1_5' title="bbox 258 607 2351 693; baseline -0.002 -19"><span class='ocrx_word' id='word_1_35' title='bbox 258 610 558 693; x_wconf 88' lang='lat' dir='ltr'><strong>pernicie.</strong></span> <span class='ocrx_word' id='word_1_36' title='bbox 643 610 863 692; x_wconf 88' lang='lat' dir='ltr'><strong>itaque</strong></span> <span class='ocrx_word' id='word_1_37' title='bbox 900 607 1269 674; x_wconf 84' lang='lat' dir='ltr'><strong>convocatis</strong></span> <span class='ocrx_word' id='word_1_38' title='bbox 1309 609 1521 691; x_wconf 73' lang='lat' dir='ltr'><strong>leyatis</strong></span> <span class='ocrx_word' id='word_1_39' title='bbox 1556 609 1961 693; x_wconf 75' lang='lat' dir='ltr'><strong>tribunisque</strong></span> <span class='ocrx_word' id='word_1_40' title='bbox 2000 610 2281 674; x_wconf 91' lang='lat' dir='ltr'><strong>militum</strong></span> <span class='ocrx_word' id='word_1_41' title='bbox 2318 621 2351 669; x_wconf 83' lang='lat'>2</span> 
     </span>
     <span class='ocr_line' id='line_1_6' title="bbox 262 696 2280 780; baseline -0.001 -16"><span class='ocrx_word' id='word_1_42' title='bbox 262 699 489 764; x_wconf 90' lang='lat' dir='ltr'><strong>consul</strong></span> <span class='ocrx_word' id='word_1_43' title='bbox 536 697 980 762; x_wconf 87' lang='lat' dir='ltr'><strong>absistendum</strong></span> <span class='ocrx_word' id='word_1_44' title='bbox 1026 697 1378 761; x_wconf 86' lang='lat' dir='ltr'><strong>temerario</strong></span> <span class='ocrx_word' id='word_1_45' title='bbox 1424 696 1683 780; x_wconf 90' lang='lat' dir='ltr'><strong>incepto</strong></span> <span class='ocrx_word' id='word_1_46' title='bbox 1730 699 1853 762; x_wconf 88' lang='lat' dir='ltr'><strong>ait:</strong></span> <span class='ocrx_word' id='word_1_47' title='bbox 1900 699 2106 763; x_wconf 87' lang='lat' dir='ltr'><strong>tutius</strong></span> <span class='ocrx_word' id='word_1_48' title='bbox 2155 698 2280 762; x_wconf 89' lang='lat' dir='ltr'><strong>sibi</strong></span> 
     </span>
     <span class='ocr_line' id='line_1_7' title="bbox 260 783 2280 870; baseline -0 -18"><span class='ocrx_word' id='word_1_49' title='bbox 260 787 466 852; x_wconf 84' lang='lat' dir='ltr'><strong>videri</strong></span> <span class='ocrx_word' id='word_1_50' title='bbox 495 786 715 851; x_wconf 85' lang='lat' dir='ltr'>reduci</span> <span class='ocrx_word' id='word_1_51' title='bbox 746 807 820 850; x_wconf 91' lang='lat' dir='ltr'><strong>eo</strong></span> <span class='ocrx_word' id='word_1_52' title='bbox 850 785 952 849; x_wconf 92' lang='lat' dir='ltr'><strong>die</strong></span> <span class='ocrx_word' id='word_1_53' title='bbox 983 785 1333 850; x_wconf 85' lang='lat' dir='ltr'><strong>exercitum</strong></span> <span class='ocrx_word' id='word_1_54' title='bbox 1360 783 1818 870; x_wconf 84' lang='lat' dir='ltr'><strong>Beneventum,</strong></span> <span class='ocrx_word' id='word_1_55' title='bbox 1847 786 1992 850; x_wconf 91' lang='lat' dir='ltr'><strong>dein</strong></span> <span class='ocrx_word' id='word_1_56' title='bbox 2018 789 2280 869; x_wconf 90' lang='lat' dir='ltr'><strong>postero</strong></span> 
     </span>
     <span class='ocr_line' id='line_1_8' title="bbox 261 871 2283 956; baseline -0.001 -15"><span class='ocrx_word' id='word_1_57' title='bbox 261 881 468 941; x_wconf 70' lang='lat' dir='ltr'><strong>castra</strong></span> <span class='ocrx_word' id='word_1_58' title='bbox 516 874 746 939; x_wconf 88' lang='lat' dir='ltr'><strong>castris</strong></span> <span class='ocrx_word' id='word_1_59' title='bbox 800 874 1089 939; x_wconf 87' lang='lat' dir='ltr'><strong>hostium</strong></span> <span class='ocrx_word' id='word_1_60' title='bbox 1134 873 1346 956; x_wconf 83' lang='lat' dir='ltr'><strong>iungi,</strong></span> <span class='ocrx_word' id='word_1_61' title='bbox 1399 895 1482 937; x_wconf 91' lang='lat' dir='ltr'><strong>ne</strong></span> <span class='ocrx_word' id='word_1_62' title='bbox 1539 874 1709 938; x_wconf 85' lang='lat' dir='ltr'><strong>exire</strong></span> <span class='ocrx_word' id='word_1_63' title='bbox 1768 874 1915 938; x_wconf 88' lang='lat' dir='ltr'><strong>inde</strong></span> <span class='ocrx_word' id='word_1_64' title='bbox 1964 871 2283 956; x_wconf 86' lang='lat' dir='ltr'><strong>Campani</strong></span> 
     </span>
     <span class='ocr_line' id='line_1_9' title="bbox 264 961 2354 1047; baseline -0.003 -18"><span class='ocrx_word' id='word_1_65' title='bbox 264 985 425 1029; x_wconf 84' lang='lat' dir='ltr'><strong>neve</strong></span> <span class='ocrx_word' id='word_1_66' title='bbox 465 963 701 1027; x_wconf 88' lang='lat' dir='ltr'><strong>Hanno</strong></span> <span class='ocrx_word' id='word_1_67' title='bbox 746 962 999 1047; x_wconf 81' lang='lat' dir='ltr'>regredi</span> <span class='ocrx_word' id='word_1_68' title='bbox 1035 965 1283 1045; x_wconf 84' lang='lat' dir='ltr'><strong>posset3</strong></span> <span class='ocrx_word' id='word_1_69' title='bbox 1329 961 1396 1025; x_wconf 92' lang='lat' dir='ltr'><strong>id</strong></span> <span class='ocrx_word' id='word_1_70' title='bbox 1434 982 1559 1045; x_wconf 91' lang='lat' dir='ltr'><strong>quo</strong></span> <span class='ocrx_word' id='word_1_71' title='bbox 1598 961 1852 1027; x_wconf 83' lang='lat' dir='ltr'><strong>facilius</strong></span> <span class='ocrx_word' id='word_1_72' title='bbox 1891 962 2281 1043; x_wconf 75' lang='lat' dir='ltr'><strong>obtineatur,</strong></span> <span class='ocrx_word' id='word_1_73' title='bbox 2319 974 2354 1023; x_wconf 83' lang='grc'><strong>3</strong></span> 
     </span>
     <span class='ocr_line' id='line_1_10' title="bbox 266 1049 2281 1136; baseline -0 -20"><span class='ocrx_word' id='word_1_74' title='bbox 266 1051 584 1136; x_wconf 85' lang='lat' dir='ltr'>collegam</span> <span class='ocrx_word' id='word_1_75' title='bbox 623 1072 876 1135; x_wconf 89' lang='lat' dir='ltr'><strong>quoque</strong></span> <span class='ocrx_word' id='word_1_76' title='bbox 916 1053 982 1113; x_wconf 91' lang='lat' dir='ltr'><strong>et</strong></span> <span class='ocrx_word' id='word_1_77' title='bbox 1017 1049 1370 1114; x_wconf 89' lang='lat' dir='ltr'><strong>exercitum</strong></span> <span class='ocrx_word' id='word_1_78' title='bbox 1400 1050 1536 1114; x_wconf 88' lang='lat' dir='ltr'><strong>eius</strong></span> <span class='ocrx_word' id='word_1_79' title='bbox 1566 1071 1634 1114; x_wconf 94' lang='lat' dir='ltr'><strong>se</strong></span> <span class='ocrx_word' id='word_1_80' title='bbox 1663 1051 2018 1115; x_wconf 87' lang='lat' dir='ltr'><strong>acciturum</strong></span> <span class='ocrx_word' id='word_1_81' title='bbox 2046 1053 2281 1115; x_wconf 88' lang='lat' dir='ltr'><strong>totum·</strong></span> 
     </span>
     <span class='ocr_line' id='line_1_11' title="bbox 268 1137 2280 1225; baseline -0.001 -21"><span class='ocrx_word' id='word_1_82' title='bbox 268 1162 393 1225; x_wconf 89' lang='lat' dir='ltr'><strong>que</strong></span> <span class='ocrx_word' id='word_1_83' title='bbox 440 1162 515 1205; x_wconf 93' lang='lat' dir='ltr'><strong>eo</strong></span> <span class='ocrx_word' id='word_1_84' title='bbox 564 1160 865 1205; x_wconf 86' lang='lat' dir='ltr'><strong>versuros</strong></span> <span class='ocrx_word' id='word_1_85' title='bbox 903 1138 1165 1202; x_wconf 89' lang='lat' dir='ltr'><strong>bellum.</strong></span> <span class='ocrx_word' id='word_1_86' title='bbox 1228 1137 1388 1202; x_wconf 90' lang='lat' dir='ltr'><strong>haec</strong></span> <span class='ocrx_word' id='word_1_87' title='bbox 1423 1138 1692 1203; x_wconf 90' lang='lat' dir='ltr'><strong>consilia</strong></span> <span class='ocrx_word' id='word_1_88' title='bbox 1728 1139 1933 1222; x_wconf 79' lang='lat' dir='ltr'><strong>duciS‚</strong></span> <span class='ocrx_word' id='word_1_89' title='bbox 1971 1161 2116 1204; x_wconf 90' lang='lat' dir='ltr'><strong>cum</strong></span> <span class='ocrx_word' id='word_1_90' title='bbox 2152 1139 2280 1203; x_wconf 93' lang='lat' dir='ltr'><strong>iam</strong></span> 
     </span>
     <span class='ocr_line' id='line_1_12' title="bbox 265 1225 2279 1313; baseline -0.001 -20"><span class='ocrx_word' id='word_1_91' title='bbox 265 1228 553 1313; x_wconf 81' lang='lat' dir='ltr'><strong>receptui</strong></span> <span class='ocrx_word' id='word_1_92' title='bbox 616 1231 903 1310; x_wconf 82' lang='lat' dir='ltr'><strong>caneret,</strong></span> <span class='ocrx_word' id='word_1_93' title='bbox 960 1226 1204 1291; x_wconf 92' lang='lat' dir='ltr'><strong>clamor</strong></span> <span class='ocrx_word' id='word_1_94' title='bbox 1258 1225 1542 1290; x_wconf 89' lang='lat' dir='ltr'><strong>militum</strong></span> <span class='ocrx_word' id='word_1_95' title='bbox 1603 1228 2086 1309; x_wconf 84' lang='lat' dir='ltr'><strong>aspernantium</strong></span> <span class='ocrx_word' id='word_1_96' title='bbox 2145 1231 2279 1291; x_wconf 86' lang='lat' dir='ltr'><strong>tam</strong></span> 
     </span>
     <span class='ocr_line' id='line_1_13' title="bbox 265 1314 2356 1401; baseline -0.003 -19"><span class='ocrx_word' id='word_1_97' title='bbox 265 1337 464 1401; x_wconf 84' lang='lat' dir='ltr'><strong>segne</strong></span> <span class='ocrx_word' id='word_1_98' title='bbox 518 1316 866 1399; x_wconf 91' lang='lat' dir='ltr'><strong>imperium</strong></span> <span class='ocrx_word' id='word_1_99' title='bbox 922 1315 1188 1379; x_wconf 91' lang='lat' dir='ltr'><strong>disiecit.</strong></span> <span class='ocrx_word' id='word_1_100' title='bbox 1277 1314 1573 1396; x_wconf 87' lang='lat' dir='ltr'><strong>proxima</strong></span> <span class='ocrx_word' id='word_1_101' title='bbox 1629 1336 1704 1379; x_wconf 89' lang='lat' dir='ltr'><strong>ea</strong></span> <span class='ocrx_word' id='word_1_102' title='bbox 1756 1318 1939 1398; x_wconf 89' lang='lat' dir='ltr'><strong>parte</strong></span> <span class='ocrx_word' id='word_1_103' title='bbox 1984 1315 2280 1380; x_wconf 90' lang='lat' dir='ltr'><strong>hostibus</strong></span> <span class='ocrx_word' id='word_1_104' title='bbox 2320 1328 2356 1375; x_wconf 80' lang='lat'>4</span> 
     </span>
     <span class='ocr_line' id='line_1_14' title="bbox 267 1401 2282 1486; baseline -0.002 -17"><span class='ocrx_word' id='word_1_105' title='bbox 267 1407 409 1470; x_wconf 87' lang='lat' dir='ltr'><strong>erat</strong></span> <span class='ocrx_word' id='word_1_106' title='bbox 454 1405 683 1470; x_wconf 88' lang='lat' dir='ltr'>cohors</span> <span class='ocrx_word' id='word_1_107' title='bbox 729 1402 1073 1486; x_wconf 83' lang='lat' dir='ltr'><strong>Paeligna,</strong></span> <span class='ocrx_word' id='word_1_108' title='bbox 1118 1402 1296 1467; x_wconf 89' lang='lat' dir='ltr'><strong>cuius</strong></span> <span class='ocrx_word' id='word_1_109' title='bbox 1344 1401 1707 1484; x_wconf 85' lang='lat' dir='ltr'><strong>praefectus</strong></span> <span class='ocrx_word' id='word_1_110' title='bbox 1752 1401 1986 1467; x_wconf 89' lang='lat' dir='ltr'><strong>Vibius</strong></span> <span class='ocrx_word' id='word_1_111' title='bbox 2032 1402 2282 1467; x_wconf 86' lang='lat' dir='ltr'><strong>Accaus</strong></span> 
     </span>
     <span class='ocr_line' id='line_1_15' title="bbox 268 1490 2356 1575; baseline -0.003 -18"><span class='ocrx_word' id='word_1_112' title='bbox 268 1495 599 1575; x_wconf 90' lang='lat' dir='ltr'><strong>arreptum</strong></span> <span class='ocrx_word' id='word_1_113' title='bbox 636 1491 945 1556; x_wconf 82' lang='lat' dir='ltr'><strong>vexillum</strong></span> <span class='ocrx_word' id='word_1_114' title='bbox 983 1495 1164 1554; x_wconf 90' lang='lat' dir='ltr'><strong>trans</strong></span> <span class='ocrx_word' id='word_1_115' title='bbox 1201 1490 1448 1555; x_wconf 84' lang='lat' dir='ltr'><strong>vallum</strong></span> <span class='ocrx_word' id='word_1_116' title='bbox 1486 1490 1772 1555; x_wconf 88' lang='lat' dir='ltr'><strong>hostium</strong></span> <span class='ocrx_word' id='word_1_117' title='bbox 1806 1490 2083 1555; x_wconf 90' lang='lat' dir='ltr'><strong>traiecit.</strong></span> <span class='ocrx_word' id='word_1_118' title='bbox 2148 1511 2281 1554; x_wconf 82' lang='lat' dir='ltr'><strong>exe·</strong></span> <span class='ocrx_word' id='word_1_119' title='bbox 2321 1502 2356 1550; x_wconf 79' lang='lat'><strong>5</strong></span> 
     </span>
     <span class='ocr_line' id='line_1_16' title="bbox 268 1577 2283 1664; baseline -0.002 -18"><span class='ocrx_word' id='word_1_120' title='bbox 268 1585 486 1646; x_wconf 88' lang='lat' dir='ltr'><strong>cratus</strong></span> <span class='ocrx_word' id='word_1_121' title='bbox 532 1580 682 1645; x_wconf 91' lang='lat' dir='ltr'><strong>inde</strong></span> <span class='ocrx_word' id='word_1_122' title='bbox 730 1600 924 1664; x_wconf 92' lang='lat' dir='ltr'><strong>seque</strong></span> <span class='ocrx_word' id='word_1_123' title='bbox 979 1583 1047 1644; x_wconf 82' lang='lat' dir='ltr'><strong>et</strong></span> <span class='ocrx_word' id='word_1_124' title='bbox 1089 1579 1451 1661; x_wconf 87' lang='lat' dir='ltr'><strong>cohortem,</strong></span> <span class='ocrx_word' id='word_1_125' title='bbox 1508 1579 1563 1643; x_wconf 91' lang='lat' dir='ltr'><strong>si</strong></span> <span class='ocrx_word' id='word_1_126' title='bbox 1613 1579 1748 1643; x_wconf 90' lang='lat' dir='ltr'><strong>eius</strong></span> <span class='ocrx_word' id='word_1_127' title='bbox 1795 1577 2018 1644; x_wconf 85' lang='lat' dir='ltr'><strong>vexilli</strong></span> <span class='ocrx_word' id='word_1_128' title='bbox 2062 1577 2283 1643; x_wconf 88' lang='lat' dir='ltr'><strong>hostes</strong></span> 
     </span>
     <span class='ocr_line' id='line_1_17' title="bbox 265 1666 2285 1753; baseline -0.002 -19"><span class='ocrx_word' id='word_1_129' title='bbox 265 1670 464 1753; x_wconf 89' lang='lat' dir='ltr'><strong>potiti</strong></span> <span class='ocrx_word' id='word_1_130' title='bbox 510 1671 750 1751; x_wconf 87' lang='lat' dir='ltr'><strong>essent,</strong></span> <span class='ocrx_word' id='word_1_131' title='bbox 795 1668 1092 1751; x_wconf 88' lang='lat' dir='ltr'><strong>princeps</strong></span> <span class='ocrx_word' id='word_1_132' title='bbox 1136 1667 1276 1750; x_wconf 91' lang='lat' dir='ltr'><strong>ipse</strong></span> <span class='ocrx_word' id='word_1_133' title='bbox 1335 1688 1448 1750; x_wconf 92' lang='lat' dir='ltr'><strong>per</strong></span> <span class='ocrx_word' id='word_1_134' title='bbox 1501 1666 1744 1732; x_wconf 87' lang='lat' dir='ltr'><strong>fossam</strong></span> <span class='ocrx_word' id='word_1_135' title='bbox 1798 1666 2170 1750; x_wconf 84' lang='lat' dir='ltr'><strong>vallumque</strong></span> <span class='ocrx_word' id='word_1_136' title='bbox 2214 1666 2285 1730; x_wconf 89' lang='lat' dir='ltr'><strong>in</strong></span> 
     </span>
     <span class='ocr_line' id='line_1_18' title="bbox 269 1754 2356 1841; baseline -0.003 -18"><span class='ocrx_word' id='word_1_137' title='bbox 269 1761 482 1823; x_wconf 87' lang='lat' dir='ltr'><strong>castra</strong></span> <span class='ocrx_word' id='word_1_138' title='bbox 511 1757 776 1841; x_wconf 83' lang='lat' dir='ltr'><strong>inrupit.</strong></span> <span class='ocrx_word' id='word_1_139' title='bbox 822 1757 1079 1839; x_wconf 89' lang='lat' dir='ltr'><strong>iamque</strong></span> <span class='ocrx_word' id='word_1_140' title='bbox 1106 1756 1280 1819; x_wconf 88' lang='lat' dir='ltr'><strong>intra</strong></span> <span class='ocrx_word' id='word_1_141' title='bbox 1307 1756 1551 1820; x_wconf 82' lang='lat' dir='ltr'><strong>vallum</strong></span> <span class='ocrx_word' id='word_1_142' title='bbox 1567 1754 1864 1841; x_wconf 88' lang='lat' dir='ltr'><strong>Paeligni</strong></span> <span class='ocrx_word' id='word_1_143' title='bbox 1890 1755 2287 1841; x_wconf 85' lang='lat' dir='ltr'><strong>pugnabant,</strong></span> <span class='ocrx_word' id='word_1_144' title='bbox 2323 1768 2356 1816; x_wconf 84' lang='lat'>6</span> 
     </span>
     <span class='ocr_line' id='line_1_19' title="bbox 270 1842 2286 1929; baseline -0 -19"><span class='ocrx_word' id='word_1_145' title='bbox 270 1867 413 1911; x_wconf 93' lang='lat' dir='ltr'><strong>cum</strong></span> <span class='ocrx_word' id='word_1_146' title='bbox 452 1847 658 1911; x_wconf 89' lang='lat' dir='ltr'><strong>altera</strong></span> <span class='ocrx_word' id='word_1_147' title='bbox 688 1849 874 1929; x_wconf 89' lang='lat' dir='ltr'><strong>parte</strong></span> <span class='ocrx_word' id='word_1_148' title='bbox 901 1843 1167 1910; x_wconf 90' lang='lat' dir='ltr'><strong>Valerio</strong></span> <span class='ocrx_word' id='word_1_149' title='bbox 1196 1842 1427 1909; x_wconf 88' lang='lat' dir='ltr'><strong>Flacco</strong></span> <span class='ocrx_word' id='word_1_150' title='bbox 1457 1845 1718 1909; x_wconf 86' lang='lat' dir='ltr'><strong>tribuno</strong></span> <span class='ocrx_word' id='word_1_151' title='bbox 1749 1844 2028 1909; x_wconf 88' lang='lat' dir='ltr'><strong>militum</strong></span> <span class='ocrx_word' id='word_1_152' title='bbox 2057 1845 2286 1910; x_wconf 87' lang='lat' dir='ltr'><strong>tertiae</strong></span> 
     </span>
     <span class='ocr_line' id='line_1_20' title="bbox 268 1932 2284 2019; baseline 0 -20"><span class='ocrx_word' id='word_1_153' title='bbox 268 1934 549 2019; x_wconf 81' lang='lat' dir='ltr'><strong>legionis</strong></span> <span class='ocrx_word' id='word_1_154' title='bbox 585 1935 1016 2017; x_wconf 86' lang='lat' dir='ltr'><strong>exprobrante</strong></span> <span class='ocrx_word' id='word_1_155' title='bbox 1043 1932 1356 1998; x_wconf 86' lang='lat' dir='ltr'><strong>Romanis</strong></span> <span class='ocrx_word' id='word_1_156' title='bbox 1394 1933 1749 2018; x_wconf 82' lang='lat' dir='ltr'><strong>ignaviam,</strong></span> <span class='ocrx_word' id='word_1_157' title='bbox 1779 1934 1889 2017; x_wconf 92' lang='lat' dir='ltr'><strong>qui</strong></span> <span class='ocrx_word' id='word_1_158' title='bbox 1919 1933 2109 1999; x_wconf 89' lang='lat' dir='ltr'><strong>sociis</strong></span> <span class='ocrx_word' id='word_1_159' title='bbox 2139 1954 2284 2018; x_wconf 89' lang='lat' dir='ltr'><strong>cap-</strong></span> 
     </span>
     <span class='ocr_line' id='line_1_21' title="bbox 269 2020 2356 2106; baseline -0.002 -18"><span class='ocrx_word' id='word_1_160' title='bbox 269 2027 487 2088; x_wconf 88' lang='lat' dir='ltr'><strong>torum</strong></span> <span class='ocrx_word' id='word_1_161' title='bbox 531 2028 874 2088; x_wconf 77' lang='lat' dir='ltr'><strong>castrorum</strong></span> <span class='ocrx_word' id='word_1_162' title='bbox 911 2021 1331 2087; x_wconf 88' lang='lat' dir='ltr'><strong>concederent</strong></span> <span class='ocrx_word' id='word_1_163' title='bbox 1370 2023 1589 2106; x_wconf 90' lang='lat' dir='ltr'><strong>decus,</strong></span> <span class='ocrx_word' id='word_1_164' title='bbox 1636 2020 1710 2087; x_wconf 90' lang='lat' dir='ltr'><strong>T.</strong></span> <span class='ocrx_word' id='word_1_165' title='bbox 1747 2020 2064 2086; x_wconf 90' lang='lat' dir='ltr'><strong>Pedanius</strong></span> <span class='ocrx_word' id='word_1_166' title='bbox 2111 2023 2284 2103; x_wconf 90' lang='lat' dir='ltr'><strong>prin·</strong></span> <span class='ocrx_word' id='word_1_167' title='bbox 2324 2034 2356 2083; x_wconf 81' lang='grc'><strong>7</strong></span> 
     </span>
     <span class='ocr_line' id='line_1_22' title="bbox 273 2108 2287 2196; baseline -0.002 -21"><span class='ocrx_word' id='word_1_168' title='bbox 273 2132 424 2194; x_wconf 89' lang='lat' dir='ltr'><strong>ceps</strong></span> <span class='ocrx_word' id='word_1_169' title='bbox 460 2111 707 2193; x_wconf 89' lang='lat' dir='ltr'><strong>primus</strong></span> <span class='ocrx_word' id='word_1_170' title='bbox 745 2111 1061 2191; x_wconf 82' lang='lat' dir='ltr'><strong>centuriO,</strong></span> <span class='ocrx_word' id='word_1_171' title='bbox 1098 2130 1241 2174; x_wconf 92' lang='lat' dir='ltr'><strong>cum</strong></span> <span class='ocrx_word' id='word_1_172' title='bbox 1281 2110 1590 2196; x_wconf 83' lang='lat' dir='ltr'><strong>signifero</strong></span> <span class='ocrx_word' id='word_1_173' title='bbox 1631 2110 1888 2194; x_wconf 81' lang='lat' dir='ltr'><strong>signum</strong></span> <span class='ocrx_word' id='word_1_174' title='bbox 1922 2108 2287 2192; x_wconf 88' lang='lat' dir='ltr'><strong>ademisset,</strong></span> 
     </span>
     <span class='ocr_line' id='line_1_23' title="bbox 273 2195 2284 2283; baseline -0.001 -21"><span class='ocrx_word' id='word_1_175' title='bbox 273 2197 462 2263; x_wconf 81' lang='lat' dir='ltr'><strong>“iam</strong></span> <span class='ocrx_word' id='word_1_176' title='bbox 491 2198 614 2264; x_wconf 92' lang='lat' dir='ltr'><strong>hoc</strong></span> <span class='ocrx_word' id='word_1_177' title='bbox 644 2199 900 2283; x_wconf 85' lang='lat' dir='ltr'><strong>signum</strong></span> <span class='ocrx_word' id='word_1_178' title='bbox 939 2201 1006 2262; x_wconf 88' lang='lat' dir='ltr'><strong>et</strong></span> <span class='ocrx_word' id='word_1_179' title='bbox 1032 2197 1139 2262; x_wconf 90' lang='lat' dir='ltr'><strong>hic</strong></span> <span class='ocrx_word' id='word_1_180' title='bbox 1167 2196 1513 2264; x_wconf 87' lang='lat' dir='ltr'><strong>centurio&#39;&#39;</strong></span> <span class='ocrx_word' id='word_1_181' title='bbox 1549 2198 1760 2281; x_wconf 90' lang='lat' dir='ltr'><strong>inquit</strong></span> <span class='ocrx_word' id='word_1_182' title='bbox 1789 2195 2018 2261; x_wconf 77' lang='lat' dir='ltr'><strong>“intra</strong></span> <span class='ocrx_word' id='word_1_183' title='bbox 2045 2197 2284 2262; x_wconf 85' lang='lat' dir='ltr'><strong>vallum</strong></span> 
     </span>
     <span class='ocr_line' id='line_1_24' title="bbox 270 2285 2286 2372; baseline -0.001 -20"><span class='ocrx_word' id='word_1_184' title='bbox 270 2287 559 2353; x_wconf 90' lang='lat' dir='ltr'><strong>hostium</strong></span> <span class='ocrx_word' id='word_1_185' title='bbox 625 2288 774 2353; x_wconf 87' lang='lat' dir='ltr'><strong>erit:</strong></span> <span class='ocrx_word' id='word_1_186' title='bbox 838 2290 1190 2371; x_wconf 90' lang='lat' dir='ltr'><strong>sequantur</strong></span> <span class='ocrx_word' id='word_1_187' title='bbox 1256 2289 1366 2372; x_wconf 91' lang='lat' dir='ltr'><strong>qui</strong></span> <span class='ocrx_word' id='word_1_188' title='bbox 1435 2287 1578 2371; x_wconf 91' lang='lat' dir='ltr'><strong>capi</strong></span> <span class='ocrx_word' id='word_1_189' title='bbox 1640 2288 1896 2372; x_wconf 81' lang='lat' dir='ltr'><strong>signum</strong></span> <span class='ocrx_word' id='word_1_190' title='bbox 1957 2287 2038 2352; x_wconf 91' lang='lat' dir='ltr'><strong>ab</strong></span> <span class='ocrx_word' id='word_1_191' title='bbox 2098 2285 2286 2351; x_wconf 91' lang='lat' dir='ltr'><strong>hoste</strong></span> 
     </span>
     <span class='ocr_line' id='line_1_25' title="bbox 269 2374 2287 2461; baseline 0 -21"><span class='ocrx_word' id='word_1_192' title='bbox 269 2376 661 2461; x_wconf 87' lang='lat' dir='ltr'><strong>prohibituri</strong></span> <span class='ocrx_word' id='word_1_193' title='bbox 707 2374 922 2442; x_wconf 87' lang='lat' dir='ltr'><strong>sunt.&#39;&#39;</strong></span> <span class='ocrx_word' id='word_1_194' title='bbox 1009 2377 1446 2458; x_wconf 88' lang='lat' dir='ltr'><strong>manipulares</strong></span> <span class='ocrx_word' id='word_1_195' title='bbox 1493 2377 1610 2441; x_wconf 72' lang='lat' dir='ltr'><strong>sui.</strong></span> <span class='ocrx_word' id='word_1_196' title='bbox 1636 2377 1918 2460; x_wconf 90' lang='lat' dir='ltr'><strong>primum</strong></span> <span class='ocrx_word' id='word_1_197' title='bbox 1965 2378 2287 2441; x_wconf 86' lang='lat' dir='ltr'><strong>transcen·</strong></span> 
     </span>
     <span class='ocr_line' id='line_1_26' title="bbox 272 2464 2359 2549; baseline -0.001 -21"><span class='ocrx_word' id='word_1_198' title='bbox 272 2464 529 2529; x_wconf 87' lang='lat' dir='ltr'><strong>dentem</strong></span> <span class='ocrx_word' id='word_1_199' title='bbox 582 2466 856 2547; x_wconf 87' lang='lat' dir='ltr'><strong>fossam,</strong></span> <span class='ocrx_word' id='word_1_200' title='bbox 910 2465 1056 2528; x_wconf 89' lang='lat' dir='ltr'><strong>dein</strong></span> <span class='ocrx_word' id='word_1_201' title='bbox 1113 2465 1286 2549; x_wconf 83' lang='lat' dir='ltr'><strong>legio</strong></span> <span class='ocrx_word' id='word_1_202' title='bbox 1349 2468 1490 2529; x_wconf 86' lang='lat' dir='ltr'><strong>tota</strong></span> <span class='ocrx_word' id='word_1_203' title='bbox 1550 2469 1770 2530; x_wconf 88' lang='lat' dir='ltr'><strong>secuta</strong></span> <span class='ocrx_word' id='word_1_204' title='bbox 1830 2468 1945 2528; x_wconf 92' lang='lat' dir='ltr'><strong>est.</strong></span> <span class='ocrx_word' id='word_1_205' title='bbox 2036 2464 2168 2528; x_wconf 90' lang='lat' dir='ltr'><strong>iam</strong></span> <span class='ocrx_word' id='word_1_206' title='bbox 2223 2467 2288 2529; x_wconf 93' lang='lat' dir='ltr'><strong>et</strong></span> <span class='ocrx_word' id='word_1_207' title='bbox 2324 2477 2359 2525; x_wconf 89' lang='lat'><em>8</em></span> 
     </span>
     <span class='ocr_line' id='line_1_27' title="bbox 273 2551 2287 2634; baseline -0.001 -18"><span class='ocrx_word' id='word_1_208' title='bbox 273 2553 527 2632; x_wconf 90' lang='lat' dir='ltr'><strong>consul,</strong></span> <span class='ocrx_word' id='word_1_209' title='bbox 564 2551 643 2615; x_wconf 90' lang='lat' dir='ltr'><strong>ad</strong></span> <span class='ocrx_word' id='word_1_210' title='bbox 673 2554 1088 2631; x_wconf 90' lang='lat' dir='ltr'><strong>conspectum</strong></span> <span class='ocrx_word' id='word_1_211' title='bbox 1117 2552 1730 2634; x_wconf 83' lang='lat' dir='ltr'><strong>transgredientium</strong></span> <span class='ocrx_word' id='word_1_212' title='bbox 1760 2551 2005 2615; x_wconf 88' lang='lat' dir='ltr'><strong>vallum</strong></span> <span class='ocrx_word' id='word_1_213' title='bbox 2036 2554 2287 2616; x_wconf 87' lang='lat' dir='ltr'><strong>mutato</strong></span> 
     </span>
     <span class='ocr_line' id='line_1_28' title="bbox 275 2636 2289 2721; baseline -0.002 -17"><span class='ocrx_word' id='word_1_214' title='bbox 275 2639 572 2721; x_wconf 89' lang='lat' dir='ltr'><strong>consili0,</strong></span> <span class='ocrx_word' id='word_1_215' title='bbox 619 2637 702 2702; x_wconf 89' lang='lat' dir='ltr'><strong>ab</strong></span> <span class='ocrx_word' id='word_1_216' title='bbox 738 2637 1065 2701; x_wconf 77' lang='lat' dir='ltr'><strong>resistendo</strong></span> <span class='ocrx_word' id='word_1_217' title='bbox 1100 2637 1589 2719; x_wconf 85' lang='lat' dir='ltr'><strong>revocandoque</strong></span> <span class='ocrx_word' id='word_1_218' title='bbox 1627 2637 1708 2701; x_wconf 95' lang='lat' dir='ltr'><strong>ad</strong></span> <span class='ocrx_word' id='word_1_219' title='bbox 1746 2636 2103 2701; x_wconf 89' lang='lat' dir='ltr'><strong>incitandos</strong></span> <span class='ocrx_word' id='word_1_220' title='bbox 2140 2637 2289 2701; x_wconf 90' lang='lat' dir='ltr'><strong>hor-</strong></span> 
     </span>
     <span class='ocr_line' id='line_1_29' title="bbox 274 2723 2292 2810; baseline -0.003 -17"><span class='ocrx_word' id='word_1_221' title='bbox 274 2728 634 2810; x_wconf 89' lang='lat' dir='ltr'><strong>tandosque</strong></span> <span class='ocrx_word' id='word_1_222' title='bbox 679 2745 902 2789; x_wconf 84' lang='lat' dir='ltr'><strong>versus</strong></span> <span class='ocrx_word' id='word_1_223' title='bbox 949 2723 1218 2807; x_wconf 80' lang='lat' dir='ltr'><strong>milites,</strong></span> <span class='ocrx_word' id='word_1_224' title='bbox 1264 2723 1628 2807; x_wconf 88' lang='lat' dir='ltr'><strong>ostendere,</strong></span> <span class='ocrx_word' id='word_1_225' title='bbox 1675 2724 1744 2787; x_wconf 89' lang='lat' dir='ltr'><strong>in</strong></span> <span class='ocrx_word' id='word_1_226' title='bbox 1790 2728 2033 2806; x_wconf 86' lang='lat' dir='ltr'><strong>quanto</strong></span> <span class='ocrx_word' id='word_1_227' title='bbox 2072 2724 2292 2789; x_wconf 89' lang='lat' dir='ltr'><strong>discri-</strong></span> 
     </span>
     <span class='ocr_line' id='line_1_30' title="bbox 276 2811 2290 2899; baseline -0.002 -18"><span class='ocrx_word' id='word_1_228' title='bbox 276 2818 448 2881; x_wconf 91' lang='lat' dir='ltr'><strong>mine</strong></span> <span class='ocrx_word' id='word_1_229' title='bbox 486 2837 561 2880; x_wconf 89' lang='lat' dir='ltr'><strong>ac</strong></span> <span class='ocrx_word' id='word_1_230' title='bbox 597 2813 884 2899; x_wconf 90' lang='lat' dir='ltr'><strong>periculo</strong></span> <span class='ocrx_word' id='word_1_231' title='bbox 922 2811 1282 2877; x_wconf 88' lang='lat' dir='ltr'><strong>fortissima</strong></span> <span class='ocrx_word' id='word_1_232' title='bbox 1319 2811 1553 2880; x_wconf 89' lang='lat' dir='ltr'><strong>cohors</strong></span> <span class='ocrx_word' id='word_1_233' title='bbox 1593 2813 1914 2877; x_wconf 91' lang='lat' dir='ltr'><strong>sociorum</strong></span> <span class='ocrx_word' id='word_1_234' title='bbox 1951 2814 2017 2875; x_wconf 88' lang='lat' dir='ltr'><strong>et</strong></span> <span class='ocrx_word' id='word_1_235' title='bbox 2054 2811 2290 2878; x_wconf 89' lang='lat' dir='ltr'><strong>civium</strong></span> 
     </span>
     <span class='ocr_line' id='line_1_31' title="bbox 274 2900 2362 2988; baseline -0.002 -21"><span class='ocrx_word' id='word_1_236' title='bbox 274 2905 447 2988; x_wconf 85' lang='lat' dir='ltr'><strong>legio</strong></span> <span class='ocrx_word' id='word_1_237' title='bbox 494 2907 680 2969; x_wconf 86' lang='lat' dir='ltr'><strong>esset.</strong></span> <span class='ocrx_word' id='word_1_238' title='bbox 771 2902 991 2986; x_wconf 89' lang='lat' dir='ltr'><strong>itaque</strong></span> <span class='ocrx_word' id='word_1_239' title='bbox 1036 2921 1154 2985; x_wconf 90' lang='lat' dir='ltr'><strong>pro</strong></span> <span class='ocrx_word' id='word_1_240' title='bbox 1211 2923 1279 2966; x_wconf 93' lang='lat' dir='ltr'><strong>se</strong></span> <span class='ocrx_word' id='word_1_241' title='bbox 1336 2900 1605 2985; x_wconf 90' lang='lat' dir='ltr'><strong>quisque</strong></span> <span class='ocrx_word' id='word_1_242' title='bbox 1661 2921 1881 2966; x_wconf 92' lang='lat' dir='ltr'><strong>omnes</strong></span> <span class='ocrx_word' id='word_1_243' title='bbox 1927 2921 2043 2985; x_wconf 90' lang='lat' dir='ltr'><strong>per</strong></span> <span class='ocrx_word' id='word_1_244' title='bbox 2087 2923 2291 2986; x_wconf 91' lang='lat' dir='ltr'><strong>aequa</strong></span> <span class='ocrx_word' id='word_1_245' title='bbox 2327 2913 2362 2962; x_wconf 83' lang='grc'>9</span> 
     </span>
     <span class='ocr_line' id='line_1_32' title="bbox 276 2989 2290 3075; baseline -0 -19"><span class='ocrx_word' id='word_1_246' title='bbox 276 2996 470 3075; x_wconf 88' lang='lat' dir='ltr'><strong>atque</strong></span> <span class='ocrx_word' id='word_1_247' title='bbox 499 2992 723 3075; x_wconf 91' lang='lat' dir='ltr'><strong>iniqua</strong></span> <span class='ocrx_word' id='word_1_248' title='bbox 748 2992 920 3074; x_wconf 88' lang='lat' dir='ltr'><strong>loca,</strong></span> <span class='ocrx_word' id='word_1_249' title='bbox 948 3011 1093 3055; x_wconf 91' lang='lat' dir='ltr'><strong>cum</strong></span> <span class='ocrx_word' id='word_1_250' title='bbox 1121 2989 1403 3073; x_wconf 89' lang='lat' dir='ltr'><strong>undique</strong></span> <span class='ocrx_word' id='word_1_251' title='bbox 1431 2991 1563 3054; x_wconf 91' lang='lat' dir='ltr'><strong>tela</strong></span> <span class='ocrx_word' id='word_1_252' title='bbox 1591 2990 2058 3075; x_wconf 90' lang='lat' dir='ltr'><strong>conicerentur,</strong></span> <span class='ocrx_word' id='word_1_253' title='bbox 2086 3013 2290 3057; x_wconf 92' lang='lat' dir='ltr'><strong>arma·</strong></span> 
     </span>
     <span class='ocr_line' id='line_1_33' title="bbox 274 3079 2290 3164; baseline 0 -21"><span class='ocrx_word' id='word_1_254' title='bbox 274 3101 399 3163; x_wconf 90' lang='lat' dir='ltr'><strong>que</strong></span> <span class='ocrx_word' id='word_1_255' title='bbox 436 3081 502 3143; x_wconf 88' lang='lat' dir='ltr'><strong>et</strong></span> <span class='ocrx_word' id='word_1_256' title='bbox 539 3100 807 3162; x_wconf 88' lang='lat' dir='ltr'><strong>corpora</strong></span> <span class='ocrx_word' id='word_1_257' title='bbox 840 3079 1063 3144; x_wconf 89' lang='lat' dir='ltr'><strong>hostes</strong></span> <span class='ocrx_word' id='word_1_258' title='bbox 1103 3079 1457 3163; x_wconf 90' lang='lat' dir='ltr'><strong>obicerent,</strong></span> <span class='ocrx_word' id='word_1_259' title='bbox 1493 3079 1853 3162; x_wconf 85' lang='lat' dir='ltr'><strong>pervadunt</strong></span> <span class='ocrx_word' id='word_1_260' title='bbox 1888 3079 2290 3164; x_wconf 92' lang='lat' dir='ltr'><strong>inrumpunt-</strong></span> 
     </span>
     <span class='ocr_line' id='line_1_34' title="bbox 278 3167 2291 3253; baseline 0 -22"><span class='ocrx_word' id='word_1_261' title='bbox 278 3188 423 3251; x_wconf 89' lang='lat' dir='ltr'><strong>que.</strong></span> <span class='ocrx_word' id='word_1_262' title='bbox 495 3167 685 3231; x_wconf 90' lang='lat' dir='ltr'><strong>multi</strong></span> <span class='ocrx_word' id='word_1_263' title='bbox 721 3168 1069 3251; x_wconf 77' lang='lat' dir='ltr'><strong>volnerati,</strong></span> <span class='ocrx_word' id='word_1_264' title='bbox 1115 3167 1313 3233; x_wconf 90' lang='lat' dir='ltr'><strong>etiam</strong></span> <span class='ocrx_word' id='word_1_265' title='bbox 1361 3189 1520 3253; x_wconf 92' lang='lat' dir='ltr'><strong>quos</strong></span> <span class='ocrx_word' id='word_1_266' title='bbox 1559 3169 1727 3233; x_wconf 84' lang='lat' dir='ltr'><strong>vires</strong></span> <span class='ocrx_word' id='word_1_267' title='bbox 1773 3172 1831 3233; x_wconf 84' lang='lat' dir='ltr'><strong>et</strong></span> <span class='ocrx_word' id='word_1_268' title='bbox 1874 3170 2139 3253; x_wconf 85' lang='lat' dir='ltr'><strong>sanguis</strong></span> <span class='ocrx_word' id='word_1_269' title='bbox 2186 3168 2291 3231; x_wconf 88' lang='lat' dir='ltr'><strong>de-</strong></span> 
     </span>
     <span class='ocr_line' id='line_1_35' title="bbox 278 3254 2290 3340; baseline -0 -20"><span class='ocrx_word' id='word_1_270' title='bbox 278 3259 549 3340; x_wconf 89' lang='lat' dir='ltr'><strong>sereret,</strong></span> <span class='ocrx_word' id='word_1_271' title='bbox 595 3258 669 3319; x_wconf 90' lang='lat' dir='ltr'><strong>ut</strong></span> <span class='ocrx_word' id='word_1_272' title='bbox 713 3254 888 3319; x_wconf 90' lang='lat' dir='ltr'><strong>intra</strong></span> <span class='ocrx_word' id='word_1_273' title='bbox 928 3256 1173 3321; x_wconf 85' lang='lat' dir='ltr'><strong>vallum</strong></span> <span class='ocrx_word' id='word_1_274' title='bbox 1209 3257 1496 3322; x_wconf 88' lang='lat' dir='ltr'><strong>hostium</strong></span> <span class='ocrx_word' id='word_1_275' title='bbox 1535 3257 1858 3339; x_wconf 88' lang='lat' dir='ltr'><strong>caderent,</strong></span> <span class='ocrx_word' id='word_1_276' title='bbox 1902 3256 2290 3320; x_wconf 85' lang='lat' dir='ltr'><strong>nitebantur.</strong></span> 
     </span>
     <span class='ocr_line' id='line_1_36' title="bbox 274 3343 2398 3428; baseline -0.002 -18"><span class='ocrx_word' id='word_1_277' title='bbox 274 3348 466 3428; x_wconf 90' lang='lat' dir='ltr'><strong>capta</strong></span> <span class='ocrx_word' id='word_1_278' title='bbox 526 3344 744 3427; x_wconf 88' lang='lat' dir='ltr'><strong>itaque</strong></span> <span class='ocrx_word' id='word_1_279' title='bbox 801 3348 1128 3408; x_wconf 91' lang='lat' dir='ltr'><strong>momento</strong></span> <span class='ocrx_word' id='word_1_280' title='bbox 1183 3345 1494 3428; x_wconf 86' lang='lat' dir='ltr'><strong>temporis</strong></span> <span class='ocrx_word' id='word_1_281' title='bbox 1553 3344 1730 3408; x_wconf 86' lang='lat' dir='ltr'><strong>velut</strong></span> <span class='ocrx_word' id='word_1_282' title='bbox 1786 3344 1853 3407; x_wconf 93' lang='lat' dir='ltr'><strong>in</strong></span> <span class='ocrx_word' id='word_1_283' title='bbox 1911 3343 2110 3427; x_wconf 92' lang='lat' dir='ltr'><strong>plano</strong></span> <span class='ocrx_word' id='word_1_284' title='bbox 2165 3344 2292 3409; x_wconf 86' lang='lat' dir='ltr'><strong>sita</strong></span> <span class='ocrx_word' id='word_1_285' title='bbox 2331 3355 2398 3405; x_wconf 91' lang='lat'><strong>10</strong></span> 
     </span>
     <span class='ocr_line' id='line_1_37' title="bbox 274 3432 2292 3516; baseline -0 -18"><span class='ocrx_word' id='word_1_286' title='bbox 274 3454 394 3498; x_wconf 90' lang='lat' dir='ltr'><strong>nec</strong></span> <span class='ocrx_word' id='word_1_287' title='bbox 430 3432 803 3516; x_wconf 90' lang='lat' dir='ltr'><strong>permunita</strong></span> <span class='ocrx_word' id='word_1_288' title='bbox 833 3435 1060 3497; x_wconf 89' lang='lat' dir='ltr'><strong>castra.</strong></span> <span class='ocrx_word' id='word_1_289' title='bbox 1133 3433 1355 3497; x_wconf 88' lang='lat' dir='ltr'><strong>caedes</strong></span> <span class='ocrx_word' id='word_1_290' title='bbox 1384 3433 1560 3516; x_wconf 90' lang='lat' dir='ltr'><strong>inde,</strong></span> <span class='ocrx_word' id='word_1_291' title='bbox 1588 3453 1719 3497; x_wconf 91' lang='lat' dir='ltr'><strong>non</strong></span> <span class='ocrx_word' id='word_1_292' title='bbox 1752 3432 1880 3495; x_wconf 92' lang='lat' dir='ltr'><strong>iam</strong></span> <span class='ocrx_word' id='word_1_293' title='bbox 1909 3452 2127 3516; x_wconf 86' lang='lat' dir='ltr'><strong>pugna</strong></span> <span class='ocrx_word' id='word_1_294' title='bbox 2155 3435 2292 3497; x_wconf 88' lang='lat' dir='ltr'><strong>erat</strong></span> 
     </span>
     <span class='ocr_line' id='line_1_38' title="bbox 274 3519 2391 3606; baseline -0.003 -20"><span class='ocrx_word' id='word_1_295' title='bbox 274 3522 572 3586; x_wconf 92' lang='lat' dir='ltr'><strong>omnibus</strong></span> <span class='ocrx_word' id='word_1_296' title='bbox 618 3521 794 3586; x_wconf 90' lang='lat' dir='ltr'><strong>intra</strong></span> <span class='ocrx_word' id='word_1_297' title='bbox 850 3519 1097 3585; x_wconf 84' lang='lat' dir='ltr'><strong>vallum</strong></span> <span class='ocrx_word' id='word_1_298' title='bbox 1152 3522 1508 3606; x_wconf 75' lang='lat' dir='ltr'><strong>permixtis,</strong></span> <span class='ocrx_word' id='word_1_299' title='bbox 1599 3543 1792 3605; x_wconf 87' lang='lat' dir='ltr'><strong>supra</strong></span> <span class='ocrx_word' id='word_1_300' title='bbox 1847 3520 2060 3586; x_wconf 92' lang='lat' dir='ltr'><strong>decem</strong></span> <span class='ocrx_word' id='word_1_301' title='bbox 2110 3521 2291 3586; x_wconf 93' lang='lat' dir='ltr'><strong>milia</strong></span> <span class='ocrx_word' id='word_1_302' title='bbox 2330 3532 2391 3580; x_wconf 81' lang='lat'><strong>11</strong></span> 
     </span>
    </p>
   </div>
  </div>
 </body>
</html>
