2654 3913
350 153 479 216 136
647 150 864 205 LIBER
896 148 1092 203 XXVI.
1168 148 1318 202 CAP.
1358 154 1442 203 20.
1482 155 1567 204 21.
1645 149 1719 219 [a.
1755 149 1819 205 U.
1860 165 1903 204 o.
1942 150 2071 220 543]

264 310 310 357 ‚2
349 296 700 361 tinuissent
726 315 843 358 nec
871 293 1158 357 fructum
1186 292 1609 357 secundarum
1646 314 1859 357 rerum
1887 294 2128 358 sentire
2155 293 2364 359 hostis

348 383 528 468 passi
573 383 748 448 omni
793 382 885 446 cis
922 380 1240 445 Hiberum
1277 400 1438 463 agro
1485 401 1594 445 eos
1640 380 1996 446 arcuissent
2030 382 2367 467 sociosque

278 487 310 533 3
351 494 496 537 cum
540 471 666 535 fide
710 469 910 535 tutati
955 472 1187 534 essent.
1267 467 1585 533 Marcium
1630 489 1844 534 secum
1889 469 2177 535 habebat
2217 492 2374 546 cnm,

350 565 536 626 tanto
582 559 855 646 honore„
909 561 984 622 ut
1035 557 1222 621 facile
1278 559 1624 640 appareret
1674 557 1837 621 nihil
1891 558 2105 623 minus
2160 561 2367 624 vereri

278 663 312 709 4
351 643 690 733 qffiua'ffifflne
747 648 890 731 quis
946 645 1234 710 obstaret
1293 644 1540 729 gloriae
1595 667 1765 711 suae.
1856 647 2163 711 successit
2216 648 2367 713 inde

349 736 599 803 Neroni
661 733 948 817 SilanuS,
1013 738 1081 798 et
1142 734 1209 797 in
1262 733 1535 798 hiberna
1592 734 1836 799 milites
1888 735 2039 799 novi
2093 734 2366 800 deducti.

351 824 567 907 Scipio
598 824 924 906 omnibus,
953 844 1118 906 quae
1147 821 1439 886 adeunda
1468 821 1845 906 agendaque
1878 826 2088 904 erant,
2117 826 2365 889 mature

281 926 314 973 5
351 911 548 978 aditis
584 911 992 995 peractisque
1029 911 1461 974 Tarraconem
1499 911 1831 975 concessit.
1911 910 2119 975 nihilo
2157 912 2369 977 minor

349 1000 526 1065 fama
570 999 738 1083 apud
782 999 990 1064 hostis
1038 995 1361 1081 Scipionis
1406 1002 1547 1062 erat
1603 1020 1799 1082 quam
1846 998 2017 1082 apud
2063 999 2221 1063 civis
2268 1022 2367 1065 so·

351 1089 638 1172 ciosque,
685 1091 752 1152 et
798 1087 1112 1151 divinatio
1159 1086 1474 1171 quaedam
1510 1083 1739 1167 futuri,
1786 1107 1913 1168 quo
1951 1085 2162 1150 minus
2200 1089 2367 1162 tatio

349 1176 603 1241 timoris
648 1176 833 1240 reddi
877 1177 1137 1257 poterat
1176 1174 1389 1239 oborti
1426 1177 1694 1254 temere,
1733 1173 2046 1237 maiorem
2082 1174 2367 1240 inferens

279 1279 315 1326 e
351 1269 614 1329 metum.
640 1261 1111 1329 “in-‘hiberna
1171 1262 1407 1327 diversi
1465 1264 1943 1344 concesserant,
1996 1260 2368 1328 Hasdrubal

353 1352 665 1437 Gisgonis
710 1374 913 1441 usque
958 1352 1042 1417 ad
1077 1350 1402 1417 Oceanum
1448 1354 1515 1415 et
1549 1348 1777 1433 Gadis,
1822 1348 2016 1434 Mago
2067 1350 2138 1414 in
2173 1352 2369 1416 medi·

351 1445 649 1507 terranea
710 1441 987 1505 maxime
1042 1461 1240 1522 supra
1292 1437 1828 1505 Castulonensem
1885 1438 2151 1522 saltum3
2205 1437 2371 1505 Has-

355 1531 588 1595 drubal
624 1528 1011 1594 Hamilcaris
1048 1528 1222 1591 filius
1257 1527 1589 1610 proximus
1630 1526 1877 1591 Hibero
1918 1527 2087 1592 circa
2124 1526 2369 1613 Sagun-

351 1624 490 1683 tum
535 1616 918 1682 hibernavit.

282 1719 314 1765 ’1
529 1704 821 1769 Aestatis
876 1704 1012 1765 eius
1068 1705 1381 1784 extremo,
1439 1723 1567 1784 qua
1618 1705 1810 1783 capta
1864 1705 1966 1765 est
2026 1699 2252 1785 Capua
2308 1709 2374 1769 et

353 1791 568 1875 Scipio
622 1791 692 1854 in
744 1788 1130 1870 Hispaniam
1183 1788 1388 1870 venit,
1442 1787 1688 1852 Punica
1740 1788 1970 1852 classis
2025 1810 2102 1852 ex
2148 1789 2375 1856 Sicilia

353 1878 701 1943 Tarentum
749 1877 958 1942 accita
1000 1877 1089 1941 ad
1129 1875 1438 1940 arcendos
1484 1878 1881 1940 commeatus
1918 1876 2202 1961 praesidi
2239 1877 2372 1943 Ro-

284 1981 318 2030 8
354 1968 560 2051 mani,
604 1965 778 2052 quod
820 1966 892 2030 in
936 1987 1079 2031 arce
1125 1965 1477 2030 Tarentina
1522 1967 1687 2049 erat,
1744 1965 2069 2031 clauserat
2114 1967 2374 2051 quidem

357 2057 566 2122 omnis
613 2056 696 2121 ad
743 2077 959 2121 arcem
997 2078 1036 2120 a
1077 2054 1243 2120 mari
1289 2054 1531 2138 aditus,
1576 2055 1690 2119 sed
1737 2053 2086 2119 adsidendo
2133 2055 2372 2121 diutius

285 2157 320 2206 9
358 2146 665 2211 artiorem
721 2165 1044 2209 annonam
1110 2143 1302 2208 sociis
1358 2165 1552 2226 quam
1605 2143 1785 2208 hosti
1846 2141 2144 2209 faciebat.
2241 2167 2376 2209 non

358 2235 531 2298 enim
565 2236 819 2296 tantum
858 2230 1130 2296 subvehi
1167 2230 1505 2313 oppidanis
1541 2252 1655 2313 per
1691 2234 1928 2313 pacata
1965 2231 2162 2295 litora
2189 2254 2375 2316 aper-

355 2324 587 2400 tosque
649 2321 876 2401 portus
936 2316 1259 2399 praesidio
1321 2318 1586 2380 navium
1644 2316 2034 2380 Punicarum
2092 2322 2375 2404 poterat,

357 2408 671 2489 quantum
714 2403 1023 2468 frumenti
1069 2403 1297 2468 classis
1352 2403 1497 2485 ipsa
1539 2404 1735 2468 turba
1777 2403 2001 2468 navali
2045 2404 2250 2470 mixta
2296 2429 2376 2471 ex

256 2505 321 2553 ιο
358 2493 536 2558 omni
573 2512 806 2577 genere
841 2492 1177 2559 hominum
1212 2491 1619 2575 absumebat,
1666 2495 1741 2557 ut
1776 2491 1945 2556 arcis
1981 2493 2377 2576 praesidium

359 2582 560 2648 etiam
615 2580 753 2646 sine
806 2581 1062 2645 invecto
1073 2631 1091 2664 ,
1147 2580 1299 2664 quia
1354 2581 1543 2663 pauci
1600 2582 1809 2663 erant,
1864 2601 1943 2645 ex
1998 2583 2149 2646 ante
2193 2604 2378 2665 prae-

359 2675 587 2755 parato
634 2670 990 2735 sustentari
1045 2671 1292 2752 posset,
1347 2667 1718 2733 Tarentinis
1775 2668 2091 2752 classique
2144 2691 2228 2733 ne
2280 2671 2379 2734 in-

256 2772 317 2819 11
360 2763 615 2824 vectum
644 2759 905 2843 quidem
937 2757 1280 2823 sufficeret.
1350 2757 1617 2822 tandem
1654 2758 1897 2841 maiore
1934 2757 2146 2840 gratia
2183 2779 2378 2841 quam

359 2851 625 2913 venerat
659 2846 884 2911 classis
920 2845 1186 2910 dimissa
1221 2848 1340 2910 est.
1413 2867 1672 2910 annona
1697 2834 1871 2908 haud
1898 2844 2176 2908 multum
2203 2847 2380 2911 laxa·

358 2938 569 3016 verat,
629 2934 782 3017 quia
838 2928 1089 2997 rem‘oto
1150 2932 1477 2997 maritimo
1540 2931 1861 3015 praesidio
1923 2932 2191 2997 subvehi
2250 2934 2381 2999 fru-

360 3025 657 3085 mentum
694 3032 828 3085 non
870 3021 1147 3103 poterat.
1208 3022 1219 3027 ’
1363 3030 1394 3034 ’“
1455 3026 1486 3029 ⁷*
1855 3020 1862 3023 ’
1927 3020 1930 3023 ’

292 3122 320 3170 1
398 3112 405 3115 “
534 3105 709 3173 ΧΧΙ.
769 3106 1078 3172 Eiusdem
1126 3107 1396 3171 aestatis
1444 3108 1619 3172 exitu
1654 3106 1741 3172 M.
1769 3106 2115 3173 Marcellus
2161 3132 2240 3175 ex
2284 3106 2381 3174 Si·

361 3198 512 3264 cilia
555 3195 889 3280 provincia
926 3216 1070 3260 cum
1108 3195 1187 3260 ad
1224 3195 1453 3259 urbem
1491 3195 1801 3281 venisset,
1848 3219 1887 3261 a
1924 3193 1994 3261 C.
2029 3195 2381 3282 Calpurnio

288 3296 324 3344 a
360 3289 659 3368 praetore
707 3287 964 3349 senatus
1012 3284 1073 3348 ei
1119 3283 1199 3350 ad
1246 3283 1470 3348 aedem
1507 3282 1817 3349 Bellonae
1864 3284 2054 3350 datus
2101 3289 2217 3350 est.
2288 3286 2383 3348 ibi

361 3394 508 3437 cum
547 3373 626 3452 de
660 3371 852 3437 rebus
891 3371 974 3436 ab
1015 3392 1082 3436 se
1120 3370 1323 3456 gestis
1371 3371 1805 3457 disseruisset,
1854 3378 2115 3456 questus
2152 3372 2384 3436 leniter

359 3478 489 3522 non
531 3481 714 3523 suam
751 3460 963 3544 magis
1004 3481 1196 3542 quam
1235 3459 1520 3524 militum
1553 3460 1788 3545 vicem,
1834 3459 2003 3543 quod
2048 3460 2382 3541 provincia
