2654 3913
207 258 218 273 ·
305 199 394 260 54
463 194 679 248 LIBER
714 193 910 248 XXIV.
968 196 1119 250 CAP.
1150 201 1218 249 49
1267 201 1351 249 49.
1410 195 1485 262 [a.
1515 193 1578 246 U.
1608 208 1654 246 c.
1685 198 1804 247 541.
1862 208 1911 246 a.
1941 192 1999 249 C.
2030 195 2157 266 213]

305 337 389 402 ad
415 335 650 402 Galam
686 337 754 402 in
782 340 968 422 parte
1007 337 1212 401 altera
1238 332 1579 399 Numidiae
1606 368 1693 379 —
1719 332 2022 400 Maesulii
2050 359 2125 402 ea
2153 359 2312 422 gens

238 437 266 486 ι
307 430 576 492 vocatur
617 462 694 472 —
738 427 1114 511 regnantem
1158 422 1411 504 legatos
1457 421 1743 487 mittunt.
1834 421 2061 488 XLIX.
2107 425 2314 491 filium

308 513 476 581 Gala
519 513 931 578 Masinissam
975 509 1258 574 habebat
1302 509 1770 591 septemdecem
1792 507 2021 576 'annos
2066 516 2313 599 natum,

308 608 590 670 ceterum
617 602 909 666 iuvenem
938 619 1010 661 ea
1039 596 1280 679 indole,
1309 599 1383 661 ut
1410 596 1540 661 iam
1566 600 1705 662 tum
1734 603 2077 683 appareret
2102 602 2311 666 maius

306 712 578 774 regnum
606 686 1122 771 opulentiusque,
1150 706 1344 769 quam
1374 685 1544 769 quod
1573 687 1949 771 accepisset,
1976 687 2312 754 facturum.

234 789 268 839 2
307 778 534 861 legati,
563 775 865 858 quoniam
893 769 1158 856 Syphax
1189 795 1256 838 se
1284 771 1597 840 Romanis
1624 775 1963 861 iunxisset,
1990 781 2065 842 ut
2089 780 2311 860 poten·

305 866 435 928 tior
471 862 779 928 societate
817 883 1039 926 eorum
1069 860 1390 926 adversus·
1411 883 1597 947 reges
1624 864 2027 949 populosque
2053 864 2314 931 Africae

234 964 267 1013 3
306 953 493 1034 esset,
513 950 740 1013 docent
761 950 991 1015 melius
1018 948 1156 1014 fore
1177 947 1377 1033 Galae
1398 971 1649 1034 quoque
1669 949 2315 1037 Carthaginiensibus

302 1039 485 1121 iungi
531 1058 725 1122 quam
769 1038 1076 1122 primum,
1122 1041 1467 1121 antequam
1514 1035 1783 1122 Syphax
1826 1041 1894 1104 in
1929 1040 2315 1124 Hispaniam

303 1130 416 1192 aut
459 1125 737 1190 Romani
783 1127 852 1189 in
886 1126 1180 1190 Africam
1223 1129 1584 1191 transeant:
1633 1127 1908 1211 opprimi
1955 1126 2314 1211 Syphacem

303 1214 622 1278 nihildum
664 1217 920 1297 praeter
955 1235 1192 1279 nomen
1230 1235 1305 1278 ex
1342 1213 1598 1279 foedere
1635 1213 1927 1280 Romano
1964 1215 2313 1283 habentem

232 1313 267 1362 4
305 1323 511 1386 posse.
612 1301 802 1366 facile
866 1324 1242 1387 persuasum
1306 1299 1537 1387 Galae,
1598 1302 1732 1367 filio
1799 1302 2186 1388 deposcente
2249 1305 2315 1371 id

307 1391 575 1474 bellum,
619 1393 694 1454 ut
738 1391 1028 1457 mitteret
1073 1391 1450 1475 exercitum3
1511 1391 1620 1475 qui
1666 1389 2315 1477 Carthaginiensibus

305 1479 672 1563 legionibus
706 1480 1064 1551 coniunctis
1102 1500 1341 1566 magno
1379 1479 1626 1563 proelio
1666 1478 2024 1564 Syphacem
2062 1482 2316 1547 devicit.

303 1566 579 1650 triginta
640 1567 824 1633 milia
894 1589 968 1634 eo
1031 1569 1277 1652 proelio
1343 1567 1677 1634 hominum
1751 1589 1935 1633 caesa
2006 1569 2319 1636 dicuntur.

236 1666 269 1716 ὅ
307 1653 567 1738 Syphax
621 1676 765 1719 cum
826 1657 1049 1740 paucis
1106 1655 1430 1738 equitibus
1485 1655 1557 1718 in
1604 1655 1973 1720 Maurusios
2040 1677 2117 1720 ex
2182 1658 2316 1721 acie

304 1741 617 1808 Numidas
670 1778 742 1790 —
796 1743 1071 1807 extremi
1121 1763 1324 1825 prope
1380 1740 1708 1806 Oceanum
1762 1741 2067 1806 adversus
2120 1742 2316 1807 Gadis

307 1832 527 1896 colunt
567 1867 642 1877 —
684 1830 924 1916 refugit
961 1830 1516 1912 adfluentibusque
1554 1829 1635 1892 ad
1679 1828 1919 1892 famam
1965 1829 2101 1894 eius
2139 1832 2318 1895 undi—

236 1932 270 1981 6
309 1940 430 2004 que
458 1918 750 1985 barbaris
785 1918 1066 2005 ingentis
1095 1918 1274 1983 brevi
1305 1916 1530 2000 copias
1569 1917 1871 2000 armavit,
1908 1938 2054 1983 cum
2084 1919 2317 2003 quibus
2388 1985 2393 1989 .

308 2008 376 2071 in
393 2006 778 2093 Hispaniam
806 2011 1084 2092 angusto
1101 2001 1502 2089 'diremptam
1528 2005 1695 2070 freto
1719 2005 2062 2092 traiceret..
2088 2009 2319 2073 interea

308 2096 656 2161 Masinissa
701 2117 846 2161 cum
892 2096 1133 2161 victore
1170 2093 1455 2159 exercitu
1492 2094 1777 2178 advenit3
1823 2095 2004 2178 isque
2039 2095 2136 2161 ibi
2173 2118 2317 2162 cum

310 2181 604 2268 Syphace
648 2184 900 2268 ingenti
944 2183 1155 2267 gloria
1197 2203 1315 2265 per
1351 2203 1421 2247 se
1458 2181 1597 2247 sine
1634 2182 1786 2247 ullis
1826 2180 2317 2268 Carthaginien-

310 2272 475 2335 sium
523 2272 754 2353 opibus
799 2271 1005 2353 gessit
1048 2270 1312 2334 bellum.

239 2371 271 2420 ’1
483 2356 562 2421 In
586 2356 907 2441 Hispania
941 2357 1110 2422 nihil
1137 2357 1556 2423 memorabile
1584 2360 1837 2442 gestum
1866 2362 2318 2443 praeterquam

309 2444 480 2528 quod
509 2441 905 2509 Celtiberum
931 2446 1331 2511 iuventutem
1366 2446 1586 2510 eadem
1614 2444 1933 2529 mercede,
1943 2467 2089 2550 aequa
2123 2450 2320 2531 pacta

310 2553 453 2597 cum
485 2528 1130 2618 Carthaginiensibus
1170 2538 1335 2617 erat,
1372 2534 1795 2618 imperatores
1823 2532 2102 2599 Romani
2136 2536 2321 2601 adse

238 2632 273 2682 8
311 2619 765 2706 perduxerunt,
812 2626 877 2687 et
915 2621 1352 2688 nobilissimos
1388 2620 1716 2706 Hispanos
1754 2643 1950 2705 supra
1994 2626 2320 2688 trecentos

309 2709 379 2773 in
413 2707 678 2775 Italiam
717 2710 798 2775 ad
834 2710 1276 2776 sollicitandos
1313 2711 1688 2794 populares,
1730 2711 1841 2792 qui
1873 2710 2045 2775 inter
2082 2711 2323 2775 auxilia

309 2796 698 2863 Hannibalis
759 2802 970 2883 erant,
1025 2799 1364 2863 miserunt.'
1450 2798 1541 2877 [id
1600 2798 1792 2862 modo
1854 2798 1990 2862 eius
2049 2798 2201 2862 anni
2254 2798 2323 2863 in

311 2883 631 2969 Hispania
676 2886 758 2950 ad
802 2887 1181 2951 memoriam
1237 2885 1493 2970 insigne
1548 2888 1674 2968 est,
1736 2884 1907 2969 quod
1950 2907 2322 2951 mercenna-

308 2972 478 3036 rium
523 2972 795 3038 militem
838 2973 909 3038 in
953 2974 1182 3039 castris
1228 2975 1553 3038 neminem
1590 2976 1740 3038 ante
1778 2995 1971 3057 quam
2008 2977 2145 3039 tum
2185 2972 2321 3039 Cel·

310 3059 554 3125 tiberos
600 3059 879 3126 Romani
925 3061 1338 3142 habuerunt]

1111 3327 1533 3336 νῇ*-
