2654 3913
718 233 933 286 LIBER
967 230 1161 289 XXIV.
1239 213 1387 313 CAR
1428 240 1511 288 48.
1590 234 1666 304 [a.
1705 234 1761 288 0.
1802 235 1931 305 213]
2251 233 2337 298 53

321 377 576 442 senatui
628 378 995 461 populoque
1049 376 1347 442 Romano
1405 380 1471 441 et
1525 376 1892 460 adnisuros,
1944 381 2019 442 ut
2063 377 2134 440 in
2177 381 2337 442 10111-

321 486 475 548 pore
522 468 588 529 et
632 465 800 529 bene
848 466 1240 530 cumulatam
1295 464 1579 547 gratiam
1632 463 1932 528 referant.
2024 468 2216 548 grata
2262 487 2337 530 ea
2372 474 2410 525 4

321 553 565 636 legatio
626 553 906 618 barbaro
966 553 1118 636 fuit3
1189 553 1689 635 conlocutusque
1761 574 1905 617 cum
1964 552 2198 637 legatis
2258 552 2336 616 de

319 641 570 706 ratione
599 640 758 704 belli
786 640 1084 725 gerundi,
1115 643 1189 705 ut
1216 643 1508 725 veterum
1525 640 1817 704 militum
1847 640 2045 704 verba
2074 640 2338 723 audivit,

322 750 514 811 quam
552 728 907 792 multarum
942 749 1158 792 rerum
1203 728 1344 810 ipse
1380 728 1643 812 ignarus
1683 731 1879 811 esset,
1917 749 1995 791 ex
2032 749 2339 810 conpara-

321 816 497 881 tione
536 819 681 880 tam
719 806 1051 880 ordinatae
1090 815 1469 897 disciplinae
1506 816 1793 880 animum
1829 778 2128 881 a’dvertit.
2196 819 2337 880 tum
2375 823 2408 873 5

322 904 623 986 primum,
649 906 723 967 ut
747 924 866 985 pro
895 903 1084 969 bonis
1116 925 1191 968 ac
1217 903 1519 967 fidelibus
1549 902 1740 967 sociis
1767 902 2074 986 facerent,
2110 904 2340 985 oravit,

324 994 398 1055 ut
433 991 557 1055 duo
600 991 993 1074 legationem
1031 991 1345 1055 referrent
1384 989 1465 1054 ad
1501 991 1923 1073 imperatores
1960 1012 2341 1075 81108,1111118
2445 1074 2448 1077 ¹

327 1079 495 1161 apud
548 1100 685 1142 sese
731 1079 1044 1164 magister
1087 1079 1182 1145 rei
1225 1078 1528 1142 militaris
1573 1078 1923 1144 resisteret.
1997 1078 2221 1144 rudem
2259 1078 2342 1143 ad

326 1167 647 1250 pedestria
686 1167 862 1231 bella
899 1166 1329 1232 Numidarum
1366 1169 1628 1250 gentem
1666 1187 1831 1249 esse,
1869 1167 2048 1250 equis
2084 1169 2342 1232 tantum

325 1255 635 1337 habilem3
681 1255 778 1319 ita
814 1256 946 1319 iam
983 1254 1130 1319 inde
1168 1276 1208 1319 a
1249 1253 1584 1339 principiis
1620 1254 1835 1338 gentis
1874 1254 2151 1319 maiores
2190 1276 2340 1320 suos
2379 1262 2413 1312 6

326 1343 499 1407 bella
552 1343 858 1428 gessisse,
910 1343 1007 1407 ita
1062 1364 1129 1406 se
1186 1364 1225 1406 a
1276 1341 1494 1425 pueris
1550 1342 1857 1406 1118110108.
1947 1343 2060 1406 sed
2104 1343 2343 1407 habere

325 1431 584 1495 hostem
621 1429 907 1513 pedestri
945 1430 1251 1495 fidentem
1289 1429 1524 1512 Marte,
1569 1429 1671 1493 cui
1717 1430 1775 1494 si
1812 1430 2075 1513 aequari
2110 1430 2342 1494 robore

328 1517 564 1581 virium
609 1518 793 1601 velit,
838 1521 905 1582 et
952 1518 1076 1583 sibi
1121 1518 1370 1602 pedites
1417 1515 1883 1600 comparandos
1930 1538 2088 1581 esse.
2160 1520 2225 1581 et
2263 1516 2344 1582 ad
2382 1526 2413 1575 '¹1

328 1606 394 1669 id
423 1605 836 1670 multitudine
860 1605 1197 1671 hominum
1226 1625 1501 1689 regnum
1532 1604 1885 1689 abundare,
1913 1605 2026 1669 sed
2053 1605 2345 1669 armandi

329 1693 726 1777 ornandique
773 1696 839 1757 et
881 1693 1241 1757 instruendi
1288 1714 1400 1757 eos
1448 1696 1654 1757 artem
1700 1693 2020 1777 ignorare.
2107 1693 2342 1776 omnia,

327 1783 507 1847 velut
550 1781 720 1846 forte
758 1785 1156 1867 congregata
1191 1783 1408 1864 turba,
1446 1781 1661 1845 soluta
1699 1801 1772 1845 80
1807 1781 2152 1864 temeraria
2189 1802 2344 1846 0880.

330 1870 612 1934 facturos
661 1891 729 1933 se
774 1869 844 1933 in
888 1869 1283 1954 praesentia,
1341 1869 1510 1952 quod
1556 1869 1779 1953 vellet,
1832 1870 2035 1954 legati
2080 1891 2342 1978 respon·
2380 1878 2413 1927 8

331 1958 485 2023 dent
526 1958 650 2022 fide
687 1962 981 2042 accepta,
1025 1962 1101 2023 ut
1136 1956 1501 2023 remitteret
1547 1958 1867 2040 extemplo
1917 1979 2087 2041 eum,
2134 1959 2192 2022 si
2227 1959 2345 2022 im-

332 2049 659 2129 peratores
708 2046 808 2109 8111
850 2067 984 2109 11011
1028 2046 1562 2129 comprobassent
1606 2045 1868 2110 factum.
1956 2044 2027 2120 Q.
2059 2043 2344 2110 Statorio
2381 2056 2414 2104 9

331 2154 568 2197 nomen
609 2132 761 2216 fuit,
806 2133 917 2216 qui
964 2133 1045 2197 ad
1090 2152 1308 2217 regem
1345 2133 1675 2198 remansit.
1750 2153 1893 2197 011111
1932 2131 2180 2196 duobus
2217 2131 2344 2196 Ro-

334 2220 541 2285 manis
604 2241 718 2284 rex
768 2218 1085 2286 Numidas
1150 2221 1404 2304 legatos
1458 2221 1526 2285 in
1580 2219 1964 2303 Hispaniam
2018 2219 2199 2285 misit
2263 2220 2344 2283 ad

334 2307 769 2391 accipiendam
815 2308 1007 2373 fidem
1054 2310 1136 2374 ab
1182 2308 1684 2392 imperatoribus
1730 2308 2057 2373 Romanis.
2138 2308 2344 2373 isdem
2385 2318 2452 2368 10

334 2396 694 2479 mandavit,
748 2399 823 2474 ut
877 2397 1172 2481 protinus
1228 2395 1574 2481 Numidas,
1633 2396 1743 2481 0111
1801 2397 1975 2461 111118
2027 2396 2348 2480 praesidia

335 2483 968 2567 Carthaginiensium
998 2484 1344 2550 auxiliares
1371 2489 1588 2567 essent,
1619 2485 1700 2548 ad
1727 2484 2179 2549 transitionem
2207 2507 2347 2568 per-

334 2571 622 2654 licerent.
680 2569 761 2637 ‘et
806 2571 1129 2638 Statorius
1183 2594 1259 2637 ex
1304 2574 1513 2637 multa
1546 2572 1877 2638 iuventute
1915 2573 2055 2656 regi
2097 2571 2347 2655 pedites
2390 2582 2453 2631 11

338 2659 720 2742 conscripsit
758 2659 1210 2744 ordinatosque
1246 2661 1539 2744 proxime
1576 2681 1820 2724 morem
1857 2658 2220 2724 Romanum
2256 2659 2350 2723 in-

338 2748 640 2814 struendo
689 2752 756 2812 et
801 2746 1190 2812 decurrendo
1238 2749 1428 2833 signa
1464 2748 1647 2832 sequi
1684 2751 1749 2812 et
1796 2767 2051 2811 servare
2098 2746 2351 2811 ordines

336 2836 554 2900 docuit
582 2838 648 2900 et
675 2836 856 2921 operi
894 2836 1167 2920 aliisque
1209 2836 1401 2901 iustis
1429 2835 1821 2901 militaribus
1859 2835 1954 2898 ita
1983 2833 2352 2917 adsuefecit,

335 2927 412 2988 ut
446 2923 629 2988 brevi
662 2944 777 2987 rex
814 2944 944 2989 non
981 2923 1185 3008 equiti
1222 2924 1434 3008 magis
1470 2924 1699 2989 fideret
1735 2945 1928 3008 quam
1964 2922 2167 3007 pediti
2204 2933 2459 2988 con-12

336 3010 615 3093 latisque
671 3032 874 3096 aequo
932 3033 1161 3094 campo
1219 3012 1424 3096 signis
1482 3012 1655 3077 iusto
1712 3013 1959 3096 proelio
2016 3009 2353 3099 Carthagi-

336 3096 625 3161 niensem
650 3098 904 3163 hostem
934 3102 1283 3183 superaret.
1331 3098 1643 3165 Romanis
1675 3121 1926 3185 quoque
1945 3101 2015 3163 in
2034 3096 2352 3184 Hispania
2392 3108 2459 3157 13

324 3186 701 3267 ‘legatorum
729 3187 902 3271 regis
933 3186 1244 3251 adventus
1273 3206 1511 3270 magno
1542 3189 1974 3253 emolumento
1992 3188 2145 3267 fuit3
2174 3208 2351 3250 nam

339 3294 462 3357 que
502 3272 587 3337 ad
621 3272 863 3336 famam
901 3295 1122 3338 eorum
1160 3275 1582 3339 transitiones
1627 3275 1886 3339 crebrae
1933 3276 2015 3338 ab
2051 3271 2354 3337 Numidis

339 3360 806 3513 caeptaessfieri.
895 3360 992 3425 ita
1037 3382 1181 3426 cum
1229 3359 1522 3444 Syphace
1567 3361 1876 3425 Romanis
1925 3362 2153 3443 coepta
2198 3358 2355 3423 ami-

334 3469 394 3512 01
427 3471 493 3513 18
539 3470 606 3513 08
642 3498 655 3511 .

515 3536 700 3614 Quod
755 3536 871 3601 ubi
927 3533 1495 3622 Carthaginienses
1561 3539 1966 3621 acceperunt,
2030 3536 2354 3621 extemplo
