2654 3913
364 187 450 250 32
663 185 878 240 LIBER
916 187 1110 241 XXIV.
1186 189 1339 242 CAP.
1380 195 1464 244 28.
1505 195 1588 243 29.
1666 190 1741 258 [a.
1780 189 1844 245 U.
1885 207 1930 243 c.
1972 193 2097 262 540]

361 327 589 411 negari
633 330 867 413 possit,
902 334 979 394 ut
1013 352 1145 395 non
1182 331 1404 414 utique
1446 331 1515 395 in
1549 332 1919 413 praesentia
1955 332 2199 398 bellum
2239 356 2383 400 cum

364 417 455 481 eis
513 421 803 501 geratur:
870 441 1014 484 cum
1070 419 1384 483 Romanis
1442 419 1762 500 extemplo
1824 423 1937 483 aut
1990 442 2213 503 pacem
2272 430 2384 489 aut

291 517 325 566 8
362 505 603 572 bellum
631 507 1015 571 habendum.
1083 528 1207 590 quo
1247 506 1459 569 minus
1498 506 1867 589 cupiditatis
1907 528 1981 572 ac
2018 509 2215 572 studii
2242 511 2383 575 visa

364 598 465 660 est
495 596 704 661 oratio
732 595 999 677 habere,
1029 615 1101 658 eo
1132 594 1277 675 plus
1312 593 1720 659 auctoritatis
1749 594 1995 660 habuit.
2060 596 2382 662 adiectum

364 687 465 747 est
508 683 915 765 praetoribus
974 702 1047 746 ac
1104 681 1370 747 delectis
1427 685 1797 748 senatorum
1845 683 2129 749 militare
2186 685 2382 749 etiam

364 770 733 850 consilium,
771 769 931 833 iussi
969 772 1034 833 et
1071 769 1264 834 duces
1304 771 1602 836 ordinum
1638 771 2073 856 praefectique
2112 773 2383 839 auxilio·

293 874 325 921 9
363 878 507 921 rum
538 855 731 920 simul
768 857 1123 921 consulere.
1197 879 1341 923 cum
1381 881 1570 944 saepe
1610 865 1757 925 acta
1792 882 1896 926 res
1926 865 2097 926 esset
2125 863 2380 947 magnis

294 1224 322 1272 1

361 943 851 1028 certaminibuS,
896 949 1253 1029 postremo,
1313 948 1466 1030 quia
1521 948 1679 1012 belli
1726 970 1872 1014 cum
1918 950 2228 1016 Romanis
2275 971 2389 1036 ge<

359 1032 540 1096 rendi
594 1033 761 1098 ratio
815 1033 997 1098 nulla
1053 1035 1432 1120 apparebat,
1489 1058 1717 1120 pacem
1761 1036 1904 1101 fieri
1947 1039 2193 1121 placuit
2239 1060 2382 1104 cum

361 1120 453 1184 eis
500 1122 801 1204 mittique
845 1123 1097 1204 legatos
1145 1124 1226 1187 ad
1271 1145 1407 1188 rem
1456 1124 1975 1190 confirmandam.

537 1208 768 1274 XXIX.
843 1210 998 1275 Dies
1054 1211 1226 1275 haud
1284 1213 1382 1275 ita
1427 1213 1615 1276 multi
1663 1213 2189 1297 intercesserunt,
2236 1235 2382 1279 cum

362 1318 439 1361 ex
501 1295 837 1363 Leontinis
902 1299 1103 1382 legati
1164 1300 1558 1383 praesidium
1623 1300 1857 1365 finibus
1924 1302 2057 1366 suis
2123 1305 2380 1367 orantes

361 1389 699 1471 venerunt3
750 1408 914 1470 quae
959 1387 1199 1471 legatio
1246 1392 1730 1472 peropportuna
1775 1389 1919 1454 visa
1965 1389 2044 1453 ad
2090 1390 2383 1455 multitu·

363 1474 577 1540 dinem
605 1474 999 1540 inconditam
1038 1498 1114 1541 ac
1149 1478 1621 1542 tumultuosam
1656 1478 2125 1543 exonerandam
2164 1478 2382 1544 duces-

365 1586 486 1648 que
542 1564 677 1628 eius
733 1564 1142 1647 ablegandos.
1232 1565 1661 1649 Hippocrates
1708 1570 1970 1648 praetor
2016 1566 2244 1632 ducere
2305 1588 2379 1632 eo

362 1651 737 1736 transfugas
764 1654 1004 1737 iussus3
1045 1655 1249 1718 secuti
1285 1655 1479 1718 multi
1517 1675 1594 1717 ex
1637 1655 2092 1719 mercennariis
2122 1655 2380 1719 auxiliis

364 1743 671 1822 quattuor
715 1739 897 1803 milia
944 1744 1342 1805 armatorum
1390 1741 1752 1805 effecerunt.
1843 1744 1909 1806 et
1969 1742 2381 1807 mittentibus

363 1830 428 1891 et
471 1827 686 1891 missis
744 1849 821 1894 ea
873 1829 1046 1893 laeta
1092 1829 1417 1911 expeditio
1471 1829 1622 1912 fuit3
1686 1850 1839 1893 nam
1896 1832 1963 1892 et
2007 1829 2167 1912 illis,
2213 1830 2382 1913 quod

360 1915 493 1980 iam
549 1915 659 1981 diu
714 1916 1082 2001 cupiebant,
1135 1917 1418 1982 novandi
1472 1938 1573 1982 res
1636 1916 1887 1983 occasio
1945 1915 2097 1982 data
2143 1921 2270 2001 est,
2317 1921 2381 1983 et

359 2004 429 2067 hi
459 2004 777 2070 sentinam
809 2006 1128 2089 quandam
1156 2007 1337 2071 urbis
1374 2005 1501 2070 rati
1544 2005 1922 2071 exhaustam
1951 2006 2382 2071 laetabantur.

362 2096 643 2158 ceterum
698 2095 1074 2158 levaverunt
1128 2095 1318 2159 modo
1366 2095 1436 2157 in
1491 2095 1862 2177 praesentia
1915 2095 2094 2159 velut
2149 2116 2380 2178 corpus

364 2202 655 2266 aegrum,
721 2204 847 2266 quo
914 2203 1062 2247 mox
1126 2183 1196 2246 in
1262 2183 1626 2266 graviorem
1692 2184 1988 2248 morbum
2051 2183 2382 2248 recideret.

362 2268 791 2350 Hippocrates
841 2269 1013 2333 enim
1059 2269 1336 2335 finitima
1379 2269 1751 2354 provinciae
1785 2270 2120 2335 Romanae
2166 2272 2380 2352 primo

361 2355 621 2420 furtivis
670 2356 1151 2422 excursionibus
1198 2363 1456 2423 vastare
1503 2359 1738 2441 coepit3
1798 2358 2050 2442 deinde,
2106 2380 2252 2422 cum
2299 2358 2379 2422 ad

360 2443 631 2508 tuendos
680 2444 998 2509 sociorum
1046 2466 1238 2529 agros
1284 2448 1553 2511 missum
1600 2447 1682 2511 ab
1727 2447 1940 2529 Appio
1988 2446 2380 2529 praesidium

362 2535 559 2615 esset,
597 2532 894 2597 omnibus
931 2533 1134 2616 copiis
1172 2534 1485 2617 impetum
1523 2535 1591 2597 in
1629 2535 1999 2619 oppositam
2031 2535 2381 2600 stationem

365 2641 511 2684 cum
559 2620 750 2685 caede
793 2623 1145 2702 vmultorum
1189 2623 1364 2688 fecit.
1437 2645 1601 2707 quae
1647 2644 1792 2688 cum
1829 2627 2047 2688 essent
2079 2624 2380 2688 nuntiata

362 2706 699 2792 Marcello,
743 2711 996 2795 legatos
1036 2712 1359 2795 extemplo
1399 2708 1752 2795 Syracusas
1796 2711 1999 2793 misit,
2047 2712 2157 2794 qui
2201 2713 2379 2796 pacis

360 2796 552 2860 fidem
598 2800 856 2881 ruptam
912 2820 1049 2863 esse
1105 2799 1393 2864 dicerent
1445 2821 1565 2863 nec
1619 2800 1780 2864 belli
1838 2798 2201 2863 defuturam
2247 2820 2380 2862 um-

362 2903 554 2965 quam
611 2905 896 2969 causam,
956 2887 1086 2950 nisi
1141 2886 1572 2969 Hippocrates
1629 2891 1818 2970 atque
1872 2886 2195 2968 Epicydes
2247 2908 2382 2952 non

364 2969 443 3034 ab
484 2968 815 3053 Syracusis
863 2973 1054 3037 modo
1065 2975 1240 3056 „sed
1284 2978 1429 3039 tota
1474 2975 1697 3058 procul
1737 2973 1957 3038 Sicilia
2002 2975 2381 3060 ablegaren-

292 3065 325 3113 6
364 3061 484 3122 tur.
573 3058 917 3144 Epicydes,
973 3082 1053 3124 ne
1109 3065 1221 3125 aut
1274 3084 1419 3127 reus
1477 3062 1762 3126 criminis
1824 3062 2111 3128 absentis
2157 3064 2380 3128 fratris

361 3167 664 3229 praesens
714 3152 910 3231 esset,
967 3152 1081 3213 aut
1125 3149 1379 3215 deesset
1431 3171 1548 3233 pro
1602 3153 1789 3232 parte
1836 3171 1954 3215 sua
2000 3153 2381 3217 concitando

362 3236 566 3319 bellu,
611 3235 938 3319 profectus
995 3239 1060 3301 et
1112 3236 1251 3320 ipse
1297 3238 1367 3301 in
1412 3237 1794 3323 LeontinoS,
1850 3239 2003 3323 quia
2056 3242 2215 3306 satis
2270 3260 2380 3303 eos

365 3324 668 3389 adversus
706 3325 1018 3409 populum
1045 3324 1413 3391 Romanum
1450 3326 1809 3392 concitatos
1847 3329 2174 3411 cernebat,
2204 3348 2382 3392 aver-

295 3423 324 3470 7
364 3414 501 3476 tere
548 3414 744 3478 etiam
790 3415 872 3479 ab
922 3412 1342 3497 Syracusanis
1390 3415 1629 3499 coepit:
1676 3437 1829 3480 nam
1873 3417 1970 3480 ita
2013 3436 2122 3479 eos
2159 3436 2383 3498 pacem

362 3500 686 3584 pepigisse
752 3524 894 3568 cum
957 3503 1299 3590 Romanis,
1376 3509 1451 3570 ut
1524 3505 1906 3590 quicumque
1971 3505 2199 3587 populi
2263 3505 2381 3570 sub
