2654 3913
423 191 552 254 172
709 190 923 245 LIBER
958 190 1157 246 XXVI.
1233 191 1386 247 CAP.
1426 197 1512 246 49.
1550 197 1634 247 50.
1714 192 1788 263 [a.
1827 191 1892 246 U.
1932 209 1978 247 c.
2016 192 2143 264 540]

317 348 384 395 14
423 356 566 400 eam
612 357 732 419 pro
777 341 1048 419 parente
1094 335 1411 402 colebant.
1478 339 1616 399 tum
1657 332 1870 419 Scipio
1912 336 2148 403 “meae
2185 338 2440 422 populi-

419 445 544 509 que
597 424 877 489 Romani
932 424 1312 507 disciplinae
1373 443 1569 488 causa
1621 422 1955 489 facerem''
2011 427 2248 509 inquit,
2303 425 2440 490 “ne

422 512 605 597 quid,
650 512 820 596 quod
866 516 1164 578 sanctum
1208 533 1483 596 usquam
1532 515 1729 597 esset,
1785 512 1957 596 apud
1999 534 2119 579 nos
2164 514 2441 579 violare-

320 612 383 660 15
422 606 560 685 tur;
602 621 773 665 nunc
807 604 885 665 ut
917 600 986 664 id
1023 622 1239 666 curem
1278 600 1639 685 inpensius,
1687 606 1909 666 vestra
1944 623 2198 686 quoque
2232 602 2442 667 virtus

421 688 835 773 dignitasque
896 688 1080 774 facit,
1144 709 1307 772 quae
1370 709 1449 752 ne
1512 688 1583 753 in
1637 689 1832 754 malis
1885 690 2142 773 quidem
2198 689 2444 755 oblitae

319 789 384 837 16
423 777 671 843 decoris
708 778 1093 842 matronalis
1132 774 1355 842 estis.’'
1414 779 1744 861 spectatae
1780 777 2008 842 deinde
2039 778 2440 862 integritatis

421 866 560 931 viro
614 865 888 931 tradidit
943 886 1080 949 eas,
1143 865 1439 949 tuerique
1491 864 1665 930 haud
1718 885 1903 931 secus
1956 866 2310 931 verecunde
2365 888 2442 932 ac

423 954 713 1018 modeste
760 975 955 1038 quam
1003 953 1338 1037 hospitum
1383 953 1689 1037 coniuges
1737 974 1812 1018 ac
1855 957 2095 1020 matres
2141 955 2348 1019 iussit.

354 1056 381 1103 1
596 1040 669 1106 L.
732 1038 1009 1124 Captiva
1054 1040 1281 1104 deinde
1329 1062 1368 1104 a
1412 1041 1728 1105 militibus
1786 1042 2122 1108 adducitur
2169 1043 2248 1107 ad
2295 1064 2442 1108 eum

422 1129 645 1194 adulta
697 1129 882 1213 virgo
937 1128 1097 1193 adeo
1154 1127 1393 1192 eximia
1443 1126 1679 1209 forma,
1734 1132 1832 1212 ut,
1886 1151 2285 1214 quacumque
2346 1132 2442 1195 in-

352 1231 385 1279 2
423 1217 716 1301 cedebat,
763 1219 1168 1282 converteret
1209 1215 1497 1281 omnium
1534 1215 1775 1280 oculos.
1848 1214 2094 1302 Scipio,
2138 1239 2444 1301 percunc-

421 1309 600 1371 tatus
637 1306 920 1390 patriam
955 1307 1414 1390 parentesque,
1449 1303 1619 1369 inter
1656 1307 1869 1370 cetera
1896 1307 2145 1389 accepit
2170 1305 2443 1390 despon-

424 1416 565 1460 sam
602 1416 745 1460 eam
779 1394 1057 1479 principi
1093 1391 1595 1476 Celtiberorum3
1623 1393 2021 1461 adulescenti
2046 1393 2300 1460 Allucio
2327 1416 2440 1460 no-

352 1498 384 1544 3
424 1504 574 1548 men
619 1487 776 1549 erat.
862 1483 1184 1567 extemplo
1239 1481 1446 1566 igitur
1505 1482 1885 1564 parentibus
1940 1503 2304 1568 sponsoque
2359 1483 2441 1547 ab

425 1571 614 1637 domo
644 1571 895 1655 accitis,
925 1592 1069 1635 cum
1096 1570 1360 1635 interim
1399 1570 1649 1634 audiret
1678 1570 1963 1655 deperire
1993 1592 2138 1636 eum
2167 1592 2443 1654 sponsae

426 1681 673 1744 amore,
738 1659 852 1724 ubi
904 1659 1186 1743 primum
1240 1658 1442 1741 venit,
1497 1660 1892 1724 accuratiore
1947 1680 2093 1724 eum
2149 1680 2443 1724 sermone

355 1762 388 1808 4
428 1769 619 1831 quam
666 1748 956 1832 parentis
1000 1746 1397 1830 adloquitur:
1443 1743 1806 1810 “iuvenis''
1842 1747 2056 1830 inquit
2092 1745 2442 1812 “iuvenem

427 1834 711 1918 appello,
756 1853 880 1917 quo
927 1833 1139 1898 minor
1185 1834 1274 1897 sit
1317 1833 1489 1896 inter
1532 1852 1649 1897 nos
1687 1832 1877 1898 huius
1916 1834 2232 1899 sermonis
2270 1854 2442 1898 vere-

426 1923 674 1989 cundia.
749 1941 871 2007 ego
881 1972 900 2006 ,
931 1941 1078 1987 cum
1115 1941 1355 2006 sponsa
1392 1924 1506 1986 tua
1535 1923 1728 2005 capta
1765 1942 1805 1988 a
1838 1920 2159 1987 militibus
2197 1922 2441 1990 nostris

402 2012 507 2097 ,ad
550 2033 655 2076 me
701 2012 893 2078 ducta
939 2014 1110 2076 esset
1153 2009 1569 2092 audiremque
1613 2009 1740 2074 tibi
1785 2031 1930 2075 eam
1976 2011 2153 2076 cordi
2201 2031 2340 2077 esse
2378 2016 2445 2077 et

355 2114 387 2163 5
426 2101 638 2167 forma
690 2101 935 2166 faceret
992 2099 1213 2184 fidem,
1273 2098 1425 2182 quia
1483 2099 1649 2182 ipse,
1708 2099 1765 2163 si
1822 2098 1952 2163 frui
2008 2099 2234 2165 liceret
2289 2099 2442 2166 ludo

427 2190 689 2272 aetatis,
733 2188 1115 2273 praesertim
1151 2189 1221 2252 in
1256 2190 1437 2252 recto
1485 2190 1552 2250 et
1592 2186 1888 2271 legitimo
1926 2208 2166 2271 amore,
2201 2191 2270 2251 et
2310 2209 2444 2253 non

425 2297 527 2342 res
573 2278 836 2361 publica
882 2277 1170 2341 animum
1205 2279 1502 2340 nostrum
1540 2278 1944 2358 occupasset,
1990 2276 2244 2340 veniam
2281 2275 2446 2340 mihi

426 2364 567 2429 dari
630 2384 936 2447 sponsam
1001 2364 1357 2447 impensius
1422 2362 1671 2426 amanti
1730 2362 1992 2444 vellem,
2054 2365 2201 2448 tue,
2263 2362 2443 2447 cuius

356 2467 387 2512 6
426 2473 719 2536 possum,
758 2451 966 2516 amori
1000 2450 1206 2516 faveo.
1275 2449 1405 2514 fuit
1440 2469 1681 2533 sponsa
1714 2453 1831 2514 tua
1867 2449 2038 2533 apud
2077 2470 2180 2515 me
2217 2444 2445 2517 eadem

426 2562 553 2627 qua
607 2538 776 2624 apud
831 2559 1090 2604 soceros
1145 2542 1294 2604 tuos
1357 2538 1771 2622 parentisque
1825 2559 1976 2603 suos
2031 2539 2444 2627 verecundia3

429 2631 687 2695 servata
738 2628 862 2693 tibi
917 2630 1044 2711 est,
1096 2630 1173 2692 ut
1224 2626 1608 2693 inviolatum
1664 2630 1731 2691 et
1782 2626 2051 2710 dignum
2101 2648 2206 2693 me
2251 2632 2444 2713 teque

357 2730 390 2778 7
429 2717 570 2783 dari
613 2717 739 2782 tibi
785 2715 1022 2781 donum
1059 2719 1299 2799 posset.
1376 2714 1546 2780 hanc
1582 2714 1942 2781 mercedem
1976 2736 2171 2782 unam
2208 2736 2327 2800 pro
2366 2739 2443 2782 eo

427 2827 688 2871 munere
725 2804 1043 2889 paciscor:
1091 2804 1336 2869 amicus
1371 2803 1611 2887 populo
1647 2802 1944 2869 Romano
1993 2804 2082 2868 sis
2120 2807 2210 2886 et,
2247 2804 2305 2869 si
2340 2827 2444 2871 me

426 2895 638 2959 virum
684 2894 927 2971 bonum
975 2891 1177 2958 credis
1225 2913 1391 2974 esse,
1445 2891 1657 2975 qualis
1710 2894 1965 2974 patrem
2011 2895 2446 2977 patruumque

427 3004 643 3047 meum
680 2982 813 3045 iam
854 2984 1003 3046 ante
1039 2980 1163 3044 hae
1201 2983 1426 3065 gentes
1461 2982 1725 3063 norant,
1762 2979 1929 3045 scias
1965 2981 2205 3045 multos
2233 2976 2445 3046 nost‘ri

429 3070 677 3134 similes
732 3070 799 3133 in
856 3069 1117 3134 civitate
1162 3066 1461 3133 Romana
1514 3088 1653 3132 esse
1705 3087 1823 3133 nec
1875 3066 2084 3132 ullum
2137 3068 2207 3133 in
2252 3070 2445 3134 terris

359 3171 391 3219 8
427 3157 621 3224 hodie
675 3158 988 3241 populum
1045 3155 1171 3220 dici
1224 3177 1445 3240 posse,
1498 3176 1691 3239 quem
1742 3156 1957 3221 minus
2008 3156 2133 3221 tibi
2186 3155 2444 3222 hostem

357 3260 388 3308 9
427 3248 686 3331 tuisque
725 3266 865 3310 esse
901 3245 1059 3310 velis
1099 3247 1213 3310 aut
1249 3243 1526 3313 amicum
1564 3241 1821 3310 malisss’
1895 3264 2040 3308 cum
2073 3244 2445 3310 adulescens

429 3335 625 3401 simul
684 3334 930 3419 pudore
983 3336 1052 3398 et
1104 3332 1340 3418 gaudio
1394 3330 1722 3418 perfusus,
1779 3331 2071 3397 dextram
2129 3329 2444 3416 Scipionis

427 3428 655 3487 tenens
666 3472 685 3506 ,
740 3421 893 3487 deos
950 3421 1159 3487 omnis
1216 3421 1548 3486 invocaret
1604 3419 1688 3486 ad
1742 3419 2022 3504 gratiam
2066 3420 2169 3485 illi
2211 3438 2330 3502 pro
2379 3441 2447 3484 se

427 3509 863 3596 referendam,
908 3510 1214 3595 quoniam
1270 3510 1398 3574 sibi
1450 3529 1856 3595 nequaquam
1911 3508 2070 3574 satis
2116 3507 2449 3575 facultatis
