2654 3913
629 201 845 254 LIBER
879 201 1072 257 XXIV.
1149 201 1304 258 CAP.
1344 208 1428 256 34.
1467 208 1551 257 35.
1629 216 1702 273 [a.
1743 203 1800 256 c,
1839 206 1971 275 214]
2216 203 2303 268 39

286 344 559 409 arduum
629 345 875 410 aditum
935 346 1437 447 instabilemque
1463 346 1866 430 ‘ingressum
1928 347 2301 430 praebebat.

288 433 385 498 ita
430 433 701 498 consilio
756 433 1009 517 habito,
1070 437 1375 516 quomam
1434 434 1641 498 omnis
1691 437 1965 499 'conatus
2020 434 2300 499 ludibrio
2343 446 2412 494 16

288 524 486 605 esset,
533 521 849 587 absistere
896 522 1376 605 oppugnatione
1425 526 1617 604 atque
1656 510 2004 587 obsidendo
2047 525 2304 586 tantum

290 630 505 674 arcere
552 613 728 673 terra
775 610 1066 692 marique
1111 609 1579 674 commeatibus
1625 609 1881 674 hostem
1927 610 2190 693 placuit.
2227 678 2232 682 ,
2268 680 2308 694 -

365 758 370 763 .
464 696 732 762 XXXV.
795 696 1066 761 Interim
1112 696 1459 761 Marcellus
1507 718 1651 761 cum
1696 699 1887 762 tertia
1942 698 2073 763 fere
2118 688 2304 780 parte
2344 709 2372 757 1

290 786 605 850 exercitus
645 785 726 849 ad
762 785 1160 868 recipiendas
1196 785 1390 849 urbes
1426 784 1752 867 profectus
1764 835 1780 868 ,
1817 807 1981 868 quae
2018 786 2085 849 in
2089 789 2305 877 AEgtu

289 895 504 938 rerum
553 872 636 937 ad
682 871 1248 956 Carthaginienses
1304 872 1697 956 defecerant,
1752 871 2062 938 Helorum
2112 865 2368 956 atqu?

286 946 652 1025 'fidi-besum
712 960 1089 1025 dedentibus
1143 960 1302 1044 ipsis
1359 962 1628 1045 recepit,
1682 961 1948 1045 Megara.
2005 962 2065 1026 vi
2116 965 2308 1043 capta
2344 973 2378 1021 2

293 1049 494 1113 diruit
540 1069 615 1113 ac
661 1048 926 1131 diripuit
973 1049 1054 1113 ad
1098 1049 1493 1131 reliquorum
1533 1070 1607 1113 ac
1644 1049 1920 1113 maxime
1958 1046 2308 1131 Syracusa-

292 1157 520 1202 norum
577 1139 906 1202 terrorem.
997 1157 1112 1218 per
1166 1136 1339 1200 idem
1391 1136 1526 1201 fere
1580 1139 1836 1219 tempus
1894 1140 1960 1201 et
2005 1137 2307 1221 Himilco,
2344 1148 2378 1197 3

293 1226 404 1309 qui
461 1223 541 1289 ad
587 1224 872 1309 Pachyni
927 1225 1447 1308 promunturium
1505 1225 1777 1289 classem
1833 1224 1942 1289 diu
1995 1229 2309 1308 tenuerat,

293 1313 375 1377 ad
400 1311 810 1396 Heracleam,
840 1334 1033 1396 quam
1061 1316 1294 1377 vocant
1320 1312 1636 1395 Minoam,
1671 1313 1952 1396 quinque
1981 1317 2049 1377 et
2074 1313 2311 1396 viginti

299 1401 480 1465 milia
524 1400 840 1483 peditum,
886 1401 1015 1464 tria
1051 1399 1744 1485 equitumss‘fifl'o‘decim
1792 1400 2170 1483 elephantos
2197 1421 2320 1491 9&

295 1510 379 1572 po
418 1488 480 1551 u'
589 1509 995 1571 nequaquam
1052 1509 1196 1553 cum
1254 1488 1517 1572 quantis
1565 1488 1767 1571 copiis
1822 1492 1968 1551 ante
2014 1491 2312 1552 tenuerat

297 1599 336 1641 a
481 1575 800 1660 achynum
846 1576 1346 1669 classemgsssed,
1390 1578 1735 1659 postquam
1782 1575 1863 1639 ab
1910 1575 2305 1658 Hippocrate
2342 1588 2378 1635 4

180 1667 645 1747 -aeoccupatae
719 1661 1076 1747 Syracusae
1151 1669 1362 1745 erant,
1443 1663 1772 1746 profectus
1847 1661 2309 1747 Carthaginem

294 1753 676 1836 adiutusque
713 1752 807 1816 ibi
836 1756 903 1817 et
938 1752 1019 1817 ab
1048 1753 1284 1837 legatis
1312 1740 1726 1834 Hippocratis
1766 1755 1832 1816 et
1868 1751 2103 1816 litteris
2132 1750 2311 1816 Han-

294 1841 560 1925 nibalis,
600 1841 710 1924 qui
738 1841 992 1905 venisse
1021 1844 1279 1924 tempus
1310 1839 1526 1904 aiebat
1554 1836 1812 1904 Siciliae
1842 1862 1958 1939 per
1988 1862 2311 1921 summum

293 1929 485 2006 decus
523 1928 935 2014 repetendae,
973 1931 1039 1993 et
1074 1929 1212 2013 ipse
1251 1926 1425 1992 haud
1460 1949 2000 2021 vanuswpgaesens
2031 1929 2310 2018 monitor
2331 1940 2383 2012 {3

296 2014 486 2082 facile
542 2018 943 2101 perpulerat,
997 2022 1071 2082 ut
1126 2021 1405 2101 quantae
1459 2010 1772 2080 iffaximae
1801 2013 2092 2098 “possent
2117 2017 2312 2100 =pedi-

299 2109 440 2170 tum
489 2105 901 2188 equitumque
948 2105 1168 2187 copiae
1222 2105 1290 2168 in
1338 2102 1625 2169 Siciliam
1669 2105 2112 2169 traicerentur.
2204 2105 2311 2168 ad·
2349 2116 2382 2165 6

299 2193 561 2258 veniens
601 2192 991 2276 Heracliam,
1030 2193 1206 2257 intra
1241 2213 1481 2275 paucos
1516 2191 1666 2256 inde
1704 2191 1839 2255 dies
1878 2191 2313 2276 Agrigentum

221 2342 224 2346 .
299 2281 566 2366 recepit3
615 2281 1039 2365 aliarumque
1065 2280 1457 2376 civitatjpm,
1511 2302 1674 2365 quae
1718 2280 1924 2372 partis
1971 2278 2314 2364 Carthagi-

297 2369 616 2435 niensium
664 2373 873 2453 erant,
919 2368 1079 2434 adeo
1127 2389 1433 2434 accensae
1481 2371 1632 2433 sunt
1678 2390 1825 2451 spes
1865 2368 1946 2432 ad
1982 2369 2314 2452 pellendos

298 2454 524 2523 Sicilia.
564 2456 923 2541 RomanOS,
969 2461 1045 2522 ut
1079 2460 1407 2539 postremo
1448 2458 1644 2542 eja-iam
1695 2457 1806 2539 qui
1853 2456 2313 2522 obsidebantur

300 2542 638 2628 Syracusis
688 2545 938 2610 animos
988 2545 1390 2637 suqtulerint.
1438 2539 1529 2644 (et
1562 2548 1747 2630 parte
1787 2544 2113 2627 copiarum
2153 2545 2312 2610 satis
2351 2555 2384 2604 ’1

303 2632 561 2697 defendi
619 2632 846 2696 urbem
904 2653 1094 2715 posse
1153 2633 1281 2697 rati
1340 2633 1438 2697 ita
1494 2633 1666 2697 inter
1722 2653 1789 2696 se
1836 2652 2104 2696 munera
2157 2632 2315 2696 belli

299 2720 529 2804 partiti
592 2723 766 2802 su'nt,
837 2722 912 2783 ut
969 2719 1284 2803 Epicydes
1345 2722 1675 2804 praeesset
1733 2717 2060 2798 custodiae
2117 2718 2315 2802 urbiS,

301 2809 732 2892 Hippocrates
762 2806 1118 2873 Himilconi
1146 2809 1521 2874 coniunctus
1560 2807 1800 2871 bellum
1830 2793 2133 2871 ΞἨέῗὲὖε
2163 2827 2315 2870 con-

302 2897 509 2961 sulem
535 2895 901 2962 Romanum
931 2900 1200 2981 gereret.
1275 2918 1420 2978 cum
1449 2897 1667 2961 decem
1704 2894 1969 2960 milibus
2006 2894 2316 2978 peditum,
2353 2906 2417 2973 8⁴

300 2984 670 3070 quingentis
708 2984 1030 3068 equitibus
1058 2988 1246 3049 nocte
1280 3006 1396 3067 per
1423 2984 1806 3071 intermissa
1835 2984 2354 3071 CUStOQisssslQCa-

301 3071 629 3154 profectus
659 3076 870 3137 castra
898 3072 1067 3138 circa
1092 3065 1964 3155 Acrillasurb‘e'mffionebat.
1999 3071 2317 3136 ³munien-
2354 3083 2389 3131 9

162 3199 194 3224 -.
301 3159 482 3223 tibus
520 3161 885 3241 supervenit
921 3160 1268 3224 Marcellus
1308 3161 1388 3224 ab
1424 3160 1785 3245 Agrigento
1824 3161 1953 3225 iam
1992 3163 2321 3241 occupato,

301 3269 447 3312 cum
483 3246 591 3311 fru
625 3251 727 3311 tra
764 3268 837 3312 eo
868 3248 1242 3330 praevenire
1269 3247 1525 3312 hostem
1563 3249 1879 3312 festinans
1916 3246 2317 3328 tetendisset,

299 3268 794 3423 reffliensjnihil
841 3336 1053 3400 minus
1099 3339 1279 3400 ratus
1330 3357 1522 3418 quam
1568 3335 1684 3399 illo
1724 3340 2015 3416 tempore
2055 3353 2129 3396 ac
2171 3332 2315 3395 loco

297 3409 777 3507 Syracusanum
827 3422 951 3488 sibi
996 3423 1348 3488 exercitum
1395 3423 1656 3487 obvium
1711 3422 1875 3503 fore;
1933 3420 2043 3483 sed
2100 3424 2318 3484 tamen
2357 3431 2424 3479 10

207 3539 210 3543 “
301 3514 472 3576 metu
524 3510 912 3576 Himilconis
960 3510 1479 3593 Poenorumque,
1524 3512 1598 3573 ut
1643 3508 1874 3592 quibus
1911 3528 2319 3592 nequaquam

1527 3600 1801 3626 w*
