2654 3913
532 214 745 269 LIBER
780 181 974 271 XXIV.
1051 215 1203 272 CAP.
1243 223 1291 271 8.
1333 223 1381 271 9.
1460 217 1533 288 [a.
1574 215 1631 271 c,
1670 223 1788 272 215.
1828 218 1955 289 214]
2178 219 2255 280 11

246 360 475 445 quibus
540 362 952 425 sacramento
1017 354 1204 423 liberi
1271 361 1470 425 vestri
1534 361 1780 444 dicant,
1845 362 1924 426 ad
1989 384 2260 447 quorum

245 450 519 514 edictum
549 449 964 531 conveniant,
989 448 1109 512 sub
1141 469 1415 531 quorum
1442 449 1649 512 tutela
1686 453 1877 532 atque
1915 472 2066 515 cura
2095 451 2261 515 mili-

244 541 398 602 tent.
472 537 650 601 lacus
688 535 1168 600 Trasumennus
1207 539 1274 600 et
1311 535 1571 601 Cannae
1609 537 1824 601 tristia
1860 538 1939 601 ad
1977 539 2262 603 recorda-
2298 548 2367 595 20

244 626 488 690 tionem
552 625 871 706 exempla,
930 624 1042 688 sed
1102 623 1180 688 ad
1236 624 1710 708 praecavendas
1767 626 2011 690 similes
2066 627 2264 691 clades

246 713 431 778 utilia
476 713 858 777 documento
898 714 1066 776 sunt.
1145 732 1406 795 praece,
1452 712 1799 776 Aniensem
1835 713 2158 778 iuniorum
2194 715 2264 778 in

248 802 624 884 suffragium
678 797 983 864 revoca.''
1083 798 1196 864 IX.
1255 797 1418 864 Cum
1473 799 1547 865 T.
1594 799 1907 865 Otacilius
1963 802 2263 866 ferociter
2303 812 2328 857 1

248 912 391 954 eum
448 888 823 955 continuare
878 886 1282 951 consulatum
1339 887 1503 951 velle
1558 887 2016 954 vociferaretur
2070 893 2264 974 atque

249 979 680 1079 obstreperet,
725 975 986 1039 lictores
1035 974 1117 1039 ad
1163 996 1310 1038 eum
1359 975 1655 1039 accedere
1694 968 1913 1042 consul
1951 979 2138 1042 iussit
2183 982 2265 1061 et,

250 1066 401 1149 quia
462 1067 531 1128 in
594 1064 817 1128 urbem
877 1084 1010 1127 non
1073 1062 1307 1126 inierat
1362 1064 1656 1146 protinus
1712 1065 1781 1127 in
1835 1087 2132 1148 campum
2189 1087 2266 1130 ex
2303 1074 2334 1122 2

248 1154 480 1218 itinere
527 1151 883 1235 profectus,
931 1149 1269 1215 admonuit
1314 1172 1459 1214 cum
1506 1152 1833 1217 securibus
1889 1155 2013 1217 sibi
2058 1154 2265 1218 fasces

249 1241 575 1325 praeferri.
648 1239 908 1303 interim
945 1239 1404 1322 praerogativa
1442 1239 1817 1324 suffragium
1853 1240 2003 1324 init,
2042 1242 2336 1306 creati-3

249 1350 369 1412 que
423 1329 492 1392 in
547 1349 625 1392 ea
677 1327 974 1393 consules
1030 1325 1102 1402 Q.
1149 1325 1389 1390 Fabius
1445 1325 1765 1392 Maximus
1824 1334 2126 1413 quartum
2181 1329 2267 1395 M.

250 1416 590 1481 Marcellus
637 1415 924 1480 tertium.
1004 1413 1264 1478 eosdem
1312 1415 1603 1479 consules
1652 1420 1899 1481 ceterae
1944 1419 2268 1482 centuriae

251 1505 391 1568 sine
429 1502 791 1566 variatione
827 1503 965 1566 ulla
1002 1501 1317 1566 dixerunt.
1390 1507 1457 1566 et
1492 1505 1755 1584 praetor
1791 1525 1955 1567 unus
1993 1505 2266 1569 refectus
2305 1515 2338 1561 4

253 1591 327 1668 Q.
355 1590 618 1655 Fulvius
648 1588 943 1674 Flaccus,
970 1590 1123 1655 novi
1152 1591 1262 1654 alii
1293 1591 1520 1674 creati,
1558 1589 1627 1654 T.
1658 1590 1968 1655 Otacilius
1998 1589 2268 1657 Crassus

251 1682 511 1760 iterum,
551 1676 624 1754 Q.
651 1677 889 1742 Fabius
919 1678 1199 1743 consulis
1229 1679 1430 1761 filius,
1470 1678 1579 1762 qui
1607 1681 1747 1742 tum
1778 1680 2000 1743 aedilis
2027 1680 2268 1745 curulis

251 1772 416 1852 erat,
463 1766 534 1831 P.
580 1765 915 1832 Cornelius
963 1766 1292 1832 Lentulus.
1385 1766 1665 1831 comitiis
1713 1771 2079 1851 praetorum
2126 1791 2267 1852 per·
2305 1776 2337 1825 5

251 1856 437 1921 fectis
500 1858 762 1919 senatus
818 1855 1186 1920 consultum
1230 1853 1502 1938 factum,
1561 1858 1635 1919 ut
1689 1855 1759 1931 Q.
1805 1855 2033 1945 Fulvio
2090 1862 2271 1923 extra

252 1945 541 2011 ordinem
579 1943 827 2008 urbana
863 1943 1197 2026 provincia
1234 1947 1432 2027 esset,
1469 1943 1651 2028 isque
1685 1944 2095 2026 potissimum
2126 1968 2271 2011 con·
2397 2021 2407 2026 Π

253 2033 502 2098 sulibus
550 2033 631 2096 ad
676 2031 919 2096 bellum
966 2031 1274 2114 profectis
1333 2032 1478 2096 urbi
1524 2037 1868 2115 praeesset.
1920 2069 1994 2080 —
2047 2035 2271 2118 Aquae
2309 2044 2342 2092 6

253 2141 529 2205 magnae
573 2119 676 2184 bis
722 2141 798 2183 eo
846 2141 1016 2184 anno
1073 2119 1363 2203 fuerunt,
1409 2120 1784 2203 Tiberisque
1840 2141 2030 2205 agros
2085 2124 2271 2187 inun-

255 2210 433 2273 davit
460 2230 601 2272 cum
632 2227 871 2291 magna
909 2211 1128 2292 strage
1159 2211 1472 2271 tectorum
1502 2228 1932 2292 pecorumque
1962 2212 2028 2273 et
2064 2209 2271 2275 homi—

251 2319 407 2361 num
452 2296 750 2379 pernicie.

431 2384 672 2460 Quinto
721 2405 888 2449 anno
931 2384 1193 2449 secundi
1230 2384 1457 2450 Punici
1496 2384 1651 2449 belli
1690 2383 1762 2460 Q.
1798 2384 2038 2450 Fabius
2074 2385 2273 2450 Maxi-
2311 2398 2340 2445 7

255 2495 397 2538 mus
428 2477 728 2555 quartum
758 2471 847 2535 M.
870 2470 1175 2537 Claudius
1200 2471 1542 2536 Marcellus
1572 2473 1835 2537 tertium
1867 2475 2271 2539 consulatum

256 2562 554 2625 ineuntes
582 2561 727 2644 plus
768 2561 955 2624 solito
985 2564 1435 2625 converterant
1470 2561 1538 2625 in
1575 2582 1642 2625 se
1680 2561 1966 2626 civitatis
1996 2563 2273 2646 animos;

257 2648 481 2714 multis
529 2647 697 2711 enim
747 2648 929 2711 annis
975 2649 1107 2711 tale
1153 2649 1488 2713 consulum
1535 2671 1654 2733 par
1699 2668 1831 2712 non
1875 2649 2105 2713 fuerat.
2175 2671 2272 2713 re·
2311 2661 2342 2709 8

256 2737 557 2801 ferebant
604 2755 787 2799 senes
837 2734 928 2799 sic
964 2733 1316 2801 Maximum
1353 2736 1619 2801 Rullum
1668 2757 1812 2800 cum
1857 2735 1929 2801 P.
1955 2735 2155 2800 Decio
2193 2737 2274 2801 ad

255 2826 502 2898 bellum
559 2821 910 2906 Gallicum,
973 2824 1067 2888 sic
1129 2828 1354 2907 postea
1408 2824 1742 2908 Papirium
1798 2823 2276 2909 Carviliumque

256 2912 564 2977 adversus
605 2909 929 2976 Samnites
958 2910 1375 2996 Bruttiosque
1412 2915 1477 2976 et
1503 2911 1832 2978 Lucanum
1868 2935 2012 2978 cum
2041 2913 2277 2978 Taren-

258 3000 401 3063 tino
456 3001 768 3084 populum
822 3001 1114 3065 consules
1172 3001 1552 3065 declaratos.
1643 3001 1875 3066 absens
1928 3001 2275 3067 Marcellus
2311 3017 2344 3061 ν

259 3088 488 3152 consul
525 3094 803 3173 creatus,
830 3110 974 3154 cum
1006 3089 1085 3153 ad
1116 3090 1463 3153 exercitum
1492 3092 1688 3174 esset3
1719 3093 2046 3173 praesenti
2074 3091 2274 3156 Fabio

261 3179 457 3259 atque
520 3175 662 3258 ipso
737 3177 1000 3241 comitia
1062 3176 1343 3242 habente
1412 3177 1781 3243 consulatus
1845 3180 2276 3245 continuatus.

257 3268 516 3347 tempus
561 3285 633 3328 ac
669 3266 1018 3329 necessitas
1056 3265 1211 3329 belli
1249 3287 1322 3330 ac
1360 3265 1701 3330 discrimen
1738 3289 2025 3330 summae
2061 3286 2274 3328 rerum
2316 3275 2379 3323 10

254 3352 616 3435 faciebant,
649 3374 729 3416 ne
769 3353 912 3437 quis
951 3356 1064 3417 aut
1091 3353 1160 3417 in
1188 3374 1323 3418 eam
1358 3374 1489 3418 rem
1526 3354 1885 3436 exemplum
1916 3352 2278 3434 exquireret

254 3444 375 3505 aut
433 3444 803 3526 suspectum
859 3442 1231 3524 cupiditatis
1286 3441 1542 3522 imperii
1597 3441 1927 3504 consulem
1979 3440 2275 3524 haberet3

254 3529 415 3614 quin
452 3530 812 3595 laudabant
845 3530 1065 3613 potius
1103 3528 1616 3615 magnitudinem
1654 3527 1881 3611 animi,
1925 3528 2095 3612 quod
2131 3549 2275 3593 cum
2315 3539 2376 3585 11
