2654 3913
663 223 882 279 mssa
916 225 1114 281 xxlv.
1190 224 1346 280 CAP.
1384 231 1434 280 3.
1472 231 1523 280 4.
1602 226 1674 296 [3.
1714 225 1772 280 c,
1810 227 1941 298 215]
2270 226 2314 291 5

296 367 456 435 satis
502 371 763 436 valebat
804 392 951 454 nec,
998 370 1164 436 sicut
1208 370 1435 435 urbem
1471 369 1870 455 prodiderat,
1914 371 2128 436 locum
2171 393 2313 454 pro·

296 457 540 523 dendae
579 459 746 524 arcis
783 459 1181 542 inveniebat,
1216 458 1599 558 transfugit
1612 459 1692 522 ad
1718 456 2122 524 Hannonem.
2194 443 2419 524 Lo-14

297 567 553 612 crenses
582 547 764 612 brevi
789 550 942 629 post
970 547 1191 632 legati,
1220 567 1368 611 cum
1394 546 1714 629 permissu
1742 546 2077 611 Hannonis
2106 567 2313 611 arcem

296 635 676 719 intrassent,
712 637 1131 719 persuadent,
1166 639 1243 699 ut
1276 634 1530 699 traduci
1569 656 1639 699 33
1666 632 1905 699 Locros
1940 637 2317 718 paterentur

294 743 414 787 nec
459 724 694 788 ultima
740 724 1019 807 experiri
1066 723 1323 788 vellent.
1414 722 1547 788 iam
1585 721 1716 786 hoc
1774 726 1850 787 ut
1894 721 2021 788 sibi
2075 722 2315 806 liceret,
2357 732 2422 780 15

297 809 812 893 impetraverant
875 815 941 875 et
1005 812 1086 876 ab
1140 809 1512 876 Hannibale
1570 809 1788 875 missis
1844 811 1926 874 ad
1985 809 2050 874 id
2104 811 2314 892 ipsum

296 898 552 983 legatis.
641 899 738 964 ita
784 897 1066 965 Crotone
1112 919 1443 964 excessum
1491 903 1617 980 est,
1671 896 2051 982 deductique
2097 895 2317 963 Croto·

295 986 516 1050 niatae
554 985 637 1050 ad
671 1008 849 1051 mare
883 1009 1083 1053 naves
1122 985 1576 1052 conscendunt.
1648 985 1887 1052 Locros
1918 987 2126 1053 omnis
2153 986 2317 1051 mul—

298 1073 512 1139 titudo
561 1075 818 1141 abeunt.
863 1112 953 1123 —
997 1075 1076 1140 In
1120 1075 1364 1159 Apulia
1406 1095 1487 1138 ne
1540 1074 1745 1143 hiems
1793 1074 2050 1158 quidem
2096 1076 2316 1158 quieta
2357 1084 2422 1133 16

299 1163 467 1227 inter
503 1161 831 1229 Romanos
870 1167 1065 1248 atque
1091 1161 1534 1228 Hannibalem
1570 1165 1725 1227 erat.
1799 1162 2104 1228 Luceriae
2142 1161 2317 1228 Sem-

298 1251 563 1333 pronius
593 1252 847 1335 consul,
874 1251 1209 1316 Hannibal
1239 1250 1413 1315 haud
1441 1251 1662 1333 procul
1688 1249 1888 1333 Arpis
1915 1251 2317 1317 hibernabat.

296 1339 467 1402 inter
512 1360 623 1406 eos
667 1341 840 1405 levia
883 1341 1130 1423 proelia
1175 1361 1253 1404 ex
1291 1338 1625 1403 occasione
1672 1344 1786 1404 aut
1830 1340 2316 1423 opportunitate
2356 1351 2420 1398 17

299 1425 492 1491 huius
539 1430 654 1493 aut
697 1428 874 1492 illius
928 1429 1134 1512 partis
1194 1428 1597 1510 oriebantur,
1652 1428 2006 1510 meliorque
2052 1428 2147 1492 313
2190 1427 2316 1493 Ro-

300 1535 530 1579 manus
576 1519 641 1578 et
684 1516 754 1579 in
799 1515 937 1580 dies
984 1516 1233 1581 cautior
1278 1515 1604 1604 tutiorque
1653 1515 1735 1580 ab
1771 1515 2020 1580 insidiis
2055 1516 2272 1581 fiebat.

474 1600 588 1667 IV.
660 1602 740 1667 In
795 1601 1019 1669 Sicilia
1070 1602 1381 1693 Romanis
1443 1602 1660 1667 omnia
1717 1606 2083 1671 mutaverat
2140 1623 2315 1668 mors
2357 1615 2385 1661 1

299 1687 603 1755 Hieronis
665 1683 1064 1776 regnumque
1128 1693 1210 1756 ad
1254 1680 1743 1788 Hieronymum
1814 1695 2116 1775 nepotem
2180 1691 2316 1756 31113

301 1779 719 1863 translatum,
765 1801 1036 1863 puerum
1080 1758 1346 1845 vixdum
1395 1768 1795 1864 libertatem,
1839 1780 2074 1844 nedum
2119 1780 2317 1845 domi-

300 1866 634 1939 nationem
679 1869 925 1933 modice
960 1869 1266 1933 laturum.
1340 1889 1481 1932 eam
1520 1872 1826 1951 aetatem,
1871 1868 1938 1932 id
1982 1868 2316 1971 ingenium
2353 1880 2386 1928 2

297 1958 548 2028 tutores
580 1960 788 2048 atque
836 1958 1028 2023 amici
1075 1955 1158 2022 ad
1201 1956 1755 2042 praecipitandum
1802 1956 1872 2021 in
1909 1958 2125 2026 omnia
2155 1959 2314 2024 vitia

302 2038 697 2127 ac'ceperunt.
776 2067 863 2129 qu
907 2068 957 2114 3
986 2046 1082 2111 113
1126 2046 1347 2110 futura
1392 2066 1656 2112 cernens
1701 2044 1902 2110 Hiero
1947 2039 2179 2115 ultima
2225 2068 2315 2110 se·

299 2134 491 2198 necta
536 2133 822 2198 voluisse
909 2123 1103 2198 icitur
1137 2133 1379 2198 liberas
1419 2131 1770 2218 8313311333
1805 2134 2194 2220 relinquere,
2235 2155 2316 2199 ne
2396 2210 2404 2218 ⁸

300 2219 419 2284 sub
466 2219 804 2286 dominatu
848 2222 1083 2304 puerili
1120 2244 1235 2305 per
1272 2222 1617 2286 ludibrium
1657 2222 1846 2287 bonis
1884 2217 2160 2286 artibus
2172 2240 2396 2325 par·

296 2311 438 2372 tum
481 2308 934 2394 firmatumque
981 2310 1275 2375 interiret
1310 2331 1601 2395 regnum.
1672 2310 1824 2374 111113
1861 2310 2128 2376 consilio
2178 2312 2315 2377 eius
2354 2324 2386 2372 3

301 2416 553 2462 summa
581 2419 702 2480 ope
732 2399 1039 2463 obstitere
1066 2398 1260 2480 filiae,
1279 2419 1512 2463 nomen
1539 2398 1793 2483 regium
1819 2420 2018 2481 penes
2045 2421 2315 2482 puerum

299 2482 590 2549 futurum
635 2490 842 2570 ratae,
879 2487 1169 2570 regimen
1204 2507 1419 2551 rerum
1457 2487 1745 2551 omnium
1778 2507 1974 2569 penes
2011 2508 2079 2552 se
2114 2489 2318 2553 viros·

301 2591 427 2654 que
469 2593 619 2636 suos
656 2571 1137 2640 Adranodorum
1171 2579 1231 2639 et
1261 2574 1595 2657 Zoippum,
1630 2577 1739 2657 qui
1772 2574 2316 2659 Syracusanorum

297 2659 494 2741 primi
540 2661 1082 2743 relinquebantur.
1176 2684 1310 2727 non
1354 2662 1544 2727 facile
1592 2667 1731 2726 erat
1774 2664 2315 2745 nonagensimum
2351 2676 2388 2723 4

298 2746 430 2811 iam
477 2749 697 2832 agenti
744 2770 1011 2833 annum,
1057 2750 1476 2815 circumsesso
1523 2748 1659 2815 dies
1703 2753 2054 2833 noctesque
2090 2751 2316 2814 mulie·

296 2834 522 2901 bribus
577 2836 936 2921 blanditiis,
996 2838 1271 2903 liberare
1332 2838 1622 2903 animum
1681 2841 1749 2902 et
1801 2841 2174 2918 convertere
2234 2839 2316 2904 ad

297 2923 622 3005 publicam
667 2944 712 2989 a
752 2925 1011 3008 privata
1058 2948 1290 2991 curam.
1365 2927 1581 3010 itaque
1617 2930 1868 2993 tutores
1905 2913 2096 2992 modo
2133 2928 2315 3011 quin·
2353 2942 2388 2989 5

300 3011 506 3076 decim
549 3034 748 3095 puero
795 3014 1130 3099 relinquit,
1176 3035 1336 3097 quos
1380 3018 1679 3097 precatus
1736 3019 1835 3080 est
1891 3017 2200 3101 moriens,
2244 3021 2318 3081 ut

296 3098 493 3163 fidem
540 3120 695 3184 erga
731 3102 1043 3184 populum
1078 3100 1446 3166 Romanum
1484 3103 1956 3188 quinquaginta
1993 3125 2194 3169 annos
2233 3105 2316 3168 ab

298 3206 368 3250 se
401 3187 641 3250 cultam
670 3188 1048 3253 inviolatam
1079 3190 1457 3254 servarent
1438 3212 1860 3275 luvenemque
1890 3192 2024 3255 31113
2051 3191 2317 3273 potissi-

297 3294 478 3337 mum
526 3273 818 3356 vestigiis
864 3276 1163 3340 insistere
1208 3277 1456 3341 vellent
1508 3283 1565 3342 et
1618 3279 2021 3361 disciplinae,
2076 3278 2143 3339 in
2187 3298 2315 3360 qua

298 3361 568 3426 eductus
616 3364 803 3426 esset.
872 3363 1034 3428 haec
1070 3363 1396 3430 mandata.
1468 3387 1613 3429 cum
1651 3366 2032 3448 expirasset,
2066 3367 2315 3430 tutores
2353 3379 2387 3426 6

299 3453 691 3515 testamento
728 3449 984 3532 prolato
1006 3473 1346 3535 >pueroque
1381 3453 1450 3515 in
1477 3452 1840 3516 contionem
1878 3450 2190 3534 producto
2227 3489 2316 3499 —

298 3540 436 3601 erat
482 3542 698 3603 autem
745 3538 1110 3623 quindecim
1154 3543 1293 3604 tum
1341 3540 1543 3603 ferme
1588 3559 1900 3603 annorum
1945 3575 2032 3585 -—
2078 3540 2317 3623 paucis,
2353 3549 2385 3597 ἰ
