2654 3913
624 202 840 257 LIBER,
874 202 1071 258 xxvi
1146 203 1301 259 cAP.
1339 209 1426 258 49.
1506 204 1579 273 [a.
1620 203 1677 258 c.
1715 203 1844 273 210]
2130 204 2252 267 171

236 349 679 433 septingentos
726 347 963 432 viginti
1012 351 1323 432 quattuor
1377 346 1578 412 fuisse
1624 347 1965 413 inveniam.
2057 368 2258 430 aeque
2294 358 2327 406 2

235 442 301 501 et
346 436 478 501 alia
514 438 688 501 inter
725 441 1019 501 auctores
1059 436 1444 519 discrepant.
1516 435 1907 518 praesidium
1944 434 2259 500 Punicum

235 524 399 589 alius
439 524 687 609 decem,
725 525 891 590 alius
931 527 1209 608 septem,
1245 524 1414 588 alius
1454 522 1627 587 haud
1654 523 1800 607 plus
1830 545 2022 608 quam
2061 523 2257 587 duum

235 612 486 677 milium
533 612 732 677 fuisse
791 611 1038 677 scribit.
1128 616 1320 696 capta
1376 611 1532 676 alibi
1579 612 1796 676 decem
1850 612 2035 675 milia
2089 611 2259 694 capi—

233 703 401 784 tum,
439 701 599 766 alibi
636 721 832 784 supra
860 699 1141 785 quinque
1178 704 1245 765 et
1271 700 1508 785 viginti
1535 699 1814 764 invenio.
1888 699 2257 782 scorpiones
2294 710 2327 756 3

234 788 510 854 maiores
565 789 977 872 minoresque
1044 787 1147 853 ad‘
1185 789 1525 873 sexaginta
1585 791 1809 871 captos
1871 786 2260 870 scripserim,

236 877 293 941 si
357 881 687 941 auctorem
751 874 1068 940 Graecum
1135 897 1369 960 sequar
1424 874 1744 959 Silenum3
1809 875 1865 941 si
1920 874 2258 941 Valerium

214 964 597 1050 Antiatem,
656 964 976 1030 maiorum
1031 965 1445 1048 scorpionum
1500 985 1612 1029 sex
1666 964 1874 1048 milia,
1932 963 2259 1028 minorum

236 1052 453 1118 decem
501 1056 567 1117 et
602 1052 732 1117 tria
768 1053 978 1117 milia:
1026 1052 1187 1118 adeo
1218 1052 1443 1118 ,nullus
1480 1051 1833 1116 mentiendi
1875 1052 2104 1118 modus
2142 1055 2260 1116 est.

234 1162 315 1205 ne
345 1139 422 1205 de
451 1140 719 1205 ducibus
749 1141 1006 1225 quidem
1045 1140 1367 1206 convenit.
1439 1139 1730 1225 plerique
1757 1139 2050 1204 Laelium
2077 1161 2258 1223 prae·
2298 1150 2331 1196 4

234 1229 432 1293 fuisse
496 1229 716 1312 classi,
789 1233 942 1293 sunt
1006 1229 1115 1313 qui
1179 1227 1266 1295 M.
1330 1227 1589 1292 Iunium
1655 1226 1952 1293 Silanum
2017 1227 2260 1311 dicant3

234 1316 481 1381 Arinen
506 1315 863 1401 praefuisse
881 1315 1122 1381 Punico
1151 1316 1472 1399 praesidio
1502 1315 1915 1399 deditumque
1942 1315 2256 1380 Romanis
2296 1325 2329 1372 ὃ

234 1404 468 1468 Antias
495 1403 825 1487 Valerius,
851 1402 1198 1489 Magonem
1236 1403 1351 1468 alii
1388 1403 1736 1487 scriptores
1771 1403 2056 1468 tradunt.
2125 1424 2261 1468 non
2297 1414 2330 1460 6

237 1493 314 1556 de
357 1512 625 1556 numero
662 1492 933 1580 navium*
973 1496 1338 1575 captarum,
1382 1511 1515 1556 non
1550 1491 1628 1556 de
1665 1492 1947 1574 pondere
1984 1490 2126 1556 auri
2164 1494 2260 1555 at·

236 1601 359 1664 que
407 1580 662 1664 argenti
707 1583 774 1644 et
817 1579 1120 1645 redactae
1165 1580 1479 1663 pecuniae
1526 1579 1841 1645 convenit.
1921 1579 1979 1643 si
2025 1578 2260 1663 aliquis

238 1667 549 1733 adsentiri
591 1688 851 1733 necesse
900 1672 1026 1751 est,
1071 1668 1285 1733 media
1332 1667 1666 1732 simillima
1700 1668 1872 1732 veris
1921 1671 2090 1732 sunt.
2162 1688 2259 1731 cc·
2299 1678 2329 1726 7

235 1762 448 1821 terum
490 1756 742 1821 vocatis
781 1756 1116 1821 obsidibus
1154 1756 1438 1839 primum
1475 1756 1811 1821 universos
1848 1755 2094 1820 bonum
2131 1755 2262 1820 ani-

236 1865 412 1909 mum
447 1842 688 1910 habere
723 1845 942 1909 iussit:
978 1844 1234 1909 venisse
1265 1844 1441 1908 enim
1483 1864 1591 1909 eos
1627 1842 1699 1908 in
1727 1843 1949 1928 populi
1976 1843 2260 1908 Romani
2296 1852 2330 1901 8

235 1936 660 2019 potestatem,
695 1933 809 2018 qui
843 1932 1159 2000 beneficio
1189 1954 1386 2017 quam
1417 1935 1595 1998 metu
1634 1931 1929 2016 obligare
1965 1930 2260 1997 homines

237 2021 430 2086 malit
458 2025 842 2105 exterasque
878 2021 1092 2106 gentis
1122 2020 1248 2084 fide
1287 2043 1363 2086 ac
1391 2022 1703 2085 societate
1730 2021 1983 2084 iunctas
2020 2019 2261 2085 habere

237 2130 430 2193 quam
475 2108 653 2173 tristi
701 2109 1024 2173 subiectas
1073 2109 1356 2174 servitio.
1446 2108 1675 2173 deinde
1722 2107 2002 2190 acceptis
2048 2109 2258 2172 nomi·
2296 2120 2328 2168 9
2371 2134 2376 2137 ·

235 2196 429 2263 nibus
475 2197 837 2263 civitatium
882 2196 1206 2262 recensuit
1241 2197 1560 2281 captivos,
1598 2199 1757 2280 quot
1793 2196 2101 2279 cuiusque
2146 2218 2260 2281 po·

237 2285 377 2369 puli
404 2288 644 2370 essent,
682 2288 750 2350 et
774 2285 1038 2350 nuntios
1067 2285 1330 2351 domum
1359 2285 1565 2369 misit,
1591 2288 1665 2350 ut
1694 2283 1775 2350 ad
1807 2305 1958 2350 suos
1990 2284 2259 2368 quisque

237 2374 635 2458 recipiendos
681 2374 948 2440 veniret.
1021 2373 1079 2440 si
1125 2395 1397 2458 quarum
1436 2373 1609 2440 forte
1646 2372 2008 2439 civitatium
2055 2373 2261 2458 legati
2299 2384 2365 2432 10

239 2462 531 2545 aderant,
579 2462 672 2526 eis
719 2462 1170 2546 praesentibus
1207 2462 1707 2549 suQstituit3
1754 2465 2115 2526 ceterorum
2155 2482 2258 2526 cu-

237 2571 376 2614 ram
406 2549 684 2633 benigne
713 2550 1096 2613 tuendorum
1128 2547 1199 2612 O.
1225 2542 1548 2613 Flaminio
1576 2550 1905 2632 quaestori
1940 2549 2259 2614 attribuit.

237 2639 405 2701 inter
448 2636 611 2701 haec
658 2657 694 2700 e
730 2635 944 2700 media
979 2635 1175 2699 turba
1212 2635 1509 2700 obsidum
1547 2636 1777 2699 mulier
1811 2656 2051 2720 magno
2083 2639 2261 2719 natu,
2301 2646 2357 2693 11

238 2724 547 2790 Mandoni
601 2745 793 2808 uxor,
861 2722 972 2806 qui
1025 2723 1229 2788 stater
1281 2721 1583 2788 Indibilis
1617 2723 1993 2807 *Ilergetum
2047 2724 2261 2806 reguli

240 2817 404 2896 erat,
459 2812 617 2877 flens
676 2812 758 2877 ad
803 2812 1000 2896 pedes
1058 2811 1468 2895 imperatoris
1525 2812 1869 2895 procubuit
1915 2810 2262 2875 obtestari-

241 2921 362 2983 que
398 2900 638 2983 coepit‚
682 2903 758 2965 ut
802 2921 1021 2965 curam
1067 2900 1439 2982 cultumque
1479 2898 1868 2964 feminarum
1905 2899 2261 2982 impensius

240 2987 612 3052 custodibus
659 2988 1156 3053 commendaret.
1222 3008 1369 3052 cum
1417 2985 1633 3070 Scipio
1678 2986 1843 3052 nihil
1890 2987 2259 3052 defuturum
2302 2998 2364 3045 12

237 3077 319 3140 iis
364 3075 654 3159 profecto
703 3077 970 3161 diceret,
1015 3079 1155 3140 tum
1193 3097 1416 3140 rursus
1457 3076 1715 3140 mulier:
1763 3074 1992 3141 “haud
2037 3076 2261 3160 magni

238 3164 370 3228 ista
414 3162 747 3228 facimus''
804 3164 1044 3250 inquit3
1094 3162 1303 3248 “quid
1359 3163 1533 3228 enim
1585 3163 1737 3228 huic
1780 3164 2083 3229 fortunae
2128 3185 2261 3229 non

239 3252 399 3317 satis
447 3250 590 3316 est?
639 3252 769 3316 alia
811 3274 915 3317 me
961 3273 1115 3318 cura
1161 3254 1442 3316 aetatem
1488 3252 1719 3316 harum
1766 3252 2126 3317 intuentem
2172 3286 2258 3298 —-

234 3362 388 3406 nam
416 3340 559 3423 ipsa
588 3340 719 3405 iam
747 3344 930 3407 extra
956 3339 1312 3424 periculum
1340 3340 1611 3405 iniuriae
1639 3340 1975 3405 muliebris
2004 3361 2147 3404 sum
2170 3376 2258 3386 —-

237 3426 600 3493 stimulat.''
665 3433 732 3493 et
776 3433 990 3495 aetate
1035 3432 1103 3494 et
1145 3429 1360 3493 forma
1405 3429 1708 3495 florentes
1756 3429 1936 3494 circa·
1972 3449 2116 3492 eam
2152 3427 2255 3492 In·
2300 3438 2364 3486 13

235 3518 453 3583 dibilis
489 3517 668 3583 filiae
696 3520 882 3583 erant
910 3518 1205 3604 aliaeque
1240 3518 1588 3584 nobilitate
1615 3517 1791 3604 pari,
1829 3538 1993 3603 quae
2032 3537 2256 3582 omnes
