2654 3913
621 217 840 273 LIBER
877 218 1072 273 xmv.
1147 217 1297 272 cAr.
1339 225 1387 272 τ.
1426 224 1473 273 s.
1553 218 1627 289 [a.
1669 219 1724 274 c.
1763 219 1891 290 215]
2224 218 2265 282 9

248 366 387 448 ipse
434 364 753 437 adversus,
779 360 1178 448 Syracusana
1226 361 1494 426 consilia
1529 363 1617 427 ad
1649 363 2016 445 provinciae
2053 364 2265 448 regni·
2304 374 2337 423 9

252 474 373 536 que
419 454 580 517 fines
628 451 845 516 omnia
893 449 1213 516 convertit
1255 450 1599 533 praesidia.

430 540 631 604 Exitu
677 539 830 604 anni
879 539 1016 603 eius
1065 537 1138 614 Q.
1169 535 1409 602 Fabius
1456 560 1532 602 ex
1580 539 1966 603 auctoritate
2012 534 2374 604 senatus'EO

251 629 586 709 Puteolos,
632 647 748 710 per
791 627 1036 691 bellum
1082 629 1386 708 coeptum
1440 625 1835 709 fiequentari
1891 627 2268 710 emporium,

253 715 635 782 communiit
659 714 1178 798 praesidiumque
1214 714 1524 798 inposuit.
1597 713 1743 778 inde
1769 713 2045 779 Romam
2074 714 2269 781 comi·
2310 726 2370 774 11

252 806 494 870 tiorum
541 825 738 868 causa
780 803 1044 867 veniens
1091 803 1156 865 in
1204 822 1347 865 eum
1396 823 1585 886 quem
1628 802 1912 885 primum
1959 802 2126 866 diem
2172 823 2272 868 co-

253 892 574 957 mitialem
609 891 842 956 habuit
876 889 1141 955 comitia
1178 888 1378 953 edixit
1414 892 1607 975 atque
1646 911 1723 954 ex
1760 890 1992 954 itinere
2017 894 2273 973 praeter

255 980 484 1046 urbem
528 978 598 1043 in
644 1000 937 1062 campum
985 977 1329 1042 descendit.
1399 999 1474 1043 eo
1514 977 1617 1042 die
1654 999 1798 1043 cum
1835 999 1976 1043 sors
2013 999 2273 1061 praero-
2313 990 2375 1038 12

256 1068 515 1152 gativae
564 1066 837 1132 Aniensi
880 1066 1204 1130 iuniorum
1250 1065 1512 1148 exisset,
1566 1087 1763 1150 eaque
1808 1065 1880 1131 T.
1927 1065 2274 1130 Otacilium

253 1155 341 1221 M.
369 1155 719 1221 Aemilium
760 1153 1086 1239 Regillum
1125 1154 1417 1218 consules
1455 1153 1719 1238 diceret,
1755 1158 1898 1218 tum
1936 1153 2009 1230 Q.
2038 1153 2273 1218 Fabius

257 1244 515 1310 silentio
573 1243 748 1310 facto
803 1242 924 1307 tali
982 1242 1276 1306 oratione
1333 1245 1434 1306 est
1493 1264 1674 1307 usus:
1738 1241 1914 1306 VIII.
1970 1239 2095 1305 “Si
2160 1245 2274 1320 aut
2312 1254 2340 1302 1

256 1354 478 1419 pacem
525 1332 594 1396 in
640 1331 835 1397 Italia
873 1334 988 1395 aut
1021 1330 1094 1395 id
1131 1329 1377 1394 bellum
1414 1350 1686 1414 eumque
1722 1329 1975 1394 hostem
2011 1329 2275 1395 habere-

257 1443 429 1504 mus,
464 1420 530 1484 in
567 1441 690 1503 quo
719 1417 1168 1503 neglegentiae
1204 1418 1409 1482 laxior
1443 1417 1621 1482 locus
1661 1421 1856 1501 esset,
1895 1419 2004 1501 qui
2040 1419 2274 1482 vestris

259 1507 492 1573 studiis
512 1557 529 1590 ,
566 1529 727 1590 quae
763 1507 832 1570 in
870 1527 1167 1588 campum
1197 1506 1278 1570 ad
1314 1505 1709 1572 mandandos
1720 1558 1738 1590 ,
1772 1505 2003 1590 quibus
2040 1506 2277 1589 velitis,

257 1597 546 1660 honores
585 1593 880 1677 adfertiS,
916 1614 1163 1658 moram
1195 1593 1396 1658 ullam
1433 1594 1719 1676 offerret,
1757 1594 1813 1656 is
1853 1592 2012 1657 mihi
2047 1614 2275 1676 parum

259 1683 629 1748 meminisse
666 1682 991 1747 videretur
1026 1686 1266 1746 vestrae
1305 1682 1653 1766 libertatis3
1703 1681 1811 1746 sed
1850 1702 1993 1747 cum
2039 1683 2109 1745 in
2151 1681 2277 1746 hoc
2312 1693 2344 1740 2

257 1772 457 1854 bello,
510 1772 580 1835 in
632 1770 758 1836 hoc
809 1769 998 1835 hoste
1051 1791 1404 1854 numquam
1459 1771 1541 1834 ab
1596 1771 1727 1834 ullo
1784 1770 1941 1835 duce
1998 1770 2136 1834 sine
2180 1770 2275 1834 in·

259 1861 439 1945 genti
485 1863 710 1924 nostra
756 1858 934 1922 clade
982 1860 1263 1922 erratum
1309 1858 1424 1941 sit,
1478 1859 1699 1922 eadem
1746 1879 1859 1923 vos
1915 1879 2092 1942 cura,
2149 1879 2276 1941 qua

261 1949 331 2015 in
359 1948 562 2013 aciem
605 1947 837 2012 armati
877 1946 1291 2029 descenditiS,
1329 1945 1489 2010 inire
1527 1946 1903 2031 suffragium
1941 1946 2022 2011 ad
2059 1967 2276 2011 crean-

262 2037 380 2101 ‹los
417 2036 715 2102 consules
753 2036 936 2099 decet
972 2038 1037 2098 et
1073 2035 1199 2099 sibi
1236 2034 1330 2099 sic
1368 2056 1683 2119 quemque
1718 2034 1951 2099 dicere:
2000 2033 2275 2098 ‘Hanni-

261 2124 398 2189 bali
443 2123 817 2207 imperatori
861 2144 1083 2205 parem
1142 2122 1474 2187 consulem
1526 2120 1838 2187 nomin0.'
1926 2120 2050 2185 hoc
2106 2142 2274 2185 anno
2314 2133 2346 2181 3

167 2263 185 2279 .
263 2213 346 2276 ad
384 2209 672 2296 Capuam
709 2209 989 2275 Vibellio
1029 2210 1343 2292 Taureae,
1389 2208 1720 2293 Campano
1768 2230 2018 2273 summo
2057 2209 2277 2292 equiti,

258 2300 641 2380 provocanti
698 2320 986 2363 summus
1031 2297 1363 2362 Romanus
1425 2320 1617 2382 eques
1663 2295 1923 2362 Asellus
1972 2294 2275 2362 Claudius

263 2393 364 2453 est
399 2388 753 2472 opposituS.
816 2386 1124 2452 adversus
1163 2384 1421 2449 Gallum
1459 2386 1780 2469 quondam
1817 2389 2273 2469 provocantem
2312 2396 2348 2444 4

261 2476 332 2540 in
387 2480 585 2559 ponte
641 2474 908 2539 Anienis
960 2474 1039 2537 Τ.
1093 2473 1411 2537 Manlium
1464 2474 1771 2538 fidentem
1825 2478 1891 2538 et
1944 2474 2158 2539 animo
2214 2477 2279 2538 et

263 2563 506 2627 viribus
552 2562 784 2626 misere
829 2563 1105 2626 maiores
1161 2562 1388 2628 nostri.
1479 2562 1743 2626 eandem
1791 2582 2049 2626 causam
2104 2562 2277 2625 haud
2316 2571 2349 2620 5

266 2650 487 2716 multis
526 2649 710 2714 annis
747 2653 898 2731 post
931 2649 1128 2713 fuisse
1156 2671 1288 2714 non
1323 2650 1724 2735 negaverim,
1761 2670 1874 2713 cur
1899 2648 1986 2713 M.
2014 2648 2277 2714 Valerio

263 2760 396 2803 non
440 2737 839 2803 diffideretur
884 2737 1186 2801 adversus
1245 2738 1547 2802 similiter
1589 2739 2049 2820 provocantem
2098 2757 2279 2800 arma

263 2825 544 2909 capienti
581 2823 837 2889 Gallum
877 2825 957 2888 ad
997 2828 1339 2890 certamen.
1411 2845 1601 2909 quem
1632 2824 1713 2889 ad
1741 2824 2001 2888 modum
2028 2824 2278 2907 pedites
2316 2835 2349 2883 6

264 2914 639 2997 equitesque
685 2917 986 2997 optamus
1042 2916 1116 2977 ut
1161 2913 1528 2996 validiores,
1583 2913 1640 2976 si
1685 2913 1926 2996 minus,
1972 2916 2044 2976 ut
2087 2933 2280 2997 pares

264 3000 440 3064 hosti
483 3000 867 3083 habeamus,
911 3001 1005 3065 ita
1051 3001 1196 3065 duci
1229 3000 1514 3065 hostium
1549 3022 1774 3084 parem
1821 3001 2281 3084 imperatorem

265 3108 666 3170 quaeramuS.
739 3109 911 3171 cum,
950 3087 1062 3169 qui
1091 3091 1192 3151 est
1220 3109 1509 3153 summus
1546 3089 1616 3153 in
1642 3089 1906 3154 civitate
1944 3089 2096 3172 dux,
2136 3110 2282 3153 eum
2320 3099 2351 3147 ’1

262 3174 636 3258 legerimuS,
671 3178 891 3238 tamen
923 3176 1188 3256 repente
1223 3175 1428 3239 lectus
1438 3225 1456 3257 ,
1502 3176 1571 3240 in
1609 3197 1848 3240 annum
1886 3180 2138 3240 creatus
2176 3175 2282 3239 ad·

264 3283 489 3327 versus
535 3264 816 3325 veterem
873 3282 947 3325 ac
1001 3265 1382 3343 perpetuum
1437 3261 1893 3344 imperatorem
1954 3281 2281 3341 compara-

264 3349 457 3434 bitur,
480 3348 678 3414 nullis
706 3369 910 3432 neque
938 3348 1246 3431 temporis
1276 3369 1393 3412 nec
1419 3349 1577 3412 iuris
1605 3349 1921 3412 inclusum
1947 3346 2281 3430 angustiis,

265 3459 391 3521 quo
431 3439 645 3502 minus
684 3437 780 3501 ita
816 3437 1030 3501 omnia
1065 3440 1253 3519 gerat
1288 3434 1844 3518 administretque,
1880 3437 1954 3498 ut
1989 3437 2282 3517 tempora

264 3525 688 3607 postulabunt
742 3524 923 3607 belli;
988 3524 1178 3589 nobis
1237 3527 1451 3588 autem
1509 3521 1580 3583 in
1636 3524 1953 3603 apparatu
2006 3522 2151 3604 ipso
2208 3542 2283 3584 ac
2318 3532 2352 3579 8
