2654 3913
361 190 448 253 80
661 187 875 242 mssa
907 186 1080 244 xxv.
1156 187 1310 243 CAP.
1355 194 1433 243 18.
1478 195 1560 245 19.
1639 190 1711 260 [a.
1753 190 1816 245 U.
1856 207 1902 244 ο.
1942 191 2070 261 542]

359 333 694 416 appellans
742 333 1282 416 simulantemque
1337 353 1626 417 parcere,
1681 334 1787 398 cui
1833 335 1999 399 sciat
2041 356 2264 417 parem
2311 356 2380 400 se

286 432 321 481 9
357 442 493 486 non
528 443 684 487 esse.
761 422 817 485 si
853 443 1080 504 parum
1117 421 1396 505 publicis
1425 421 1787 485 foederibus
1820 423 2030 505 ruptis
2059 423 2381 507 dirempta

360 509 554 573 simul
601 513 667 574 et
711 510 969 594 privata
1013 511 1157 574 iura
1213 530 1353 574 esse
1397 513 1610 594 putet,
1654 507 1927 574 Badium
1973 508 2382 595 Campanum

359 597 432 662 Τ.
481 596 780 674 Quinctio
829 595 1128 683 Crispino
1173 596 1471 662 Romano
1524 597 1742 681 palam
1798 597 2044 663 duobus
2092 600 2381 663 exerciti-

257 696 324 746 10
359 687 481 751 bus
529 686 937 751 audientibus
987 687 1355 751 renuntiare
1400 685 1776 769 hospitium.
1849 686 2013 751 nihil
2060 686 2184 751 sibi
2230 708 2381 752 cum

361 795 435 838 eo
465 775 931 858 consociatum,
957 774 1122 838 nihil
1151 773 1550 840 foederatum
1578 775 1756 840 hosti
1784 796 1930 840 cum
1955 775 2170 858 hoste,
2198 774 2379 840 cuius

358 861 639 944 patriam
686 883 763 926 ac
807 866 1072 944 penates
1125 862 1424 946 publicos
1470 863 1896 948 privatosque
1942 866 2382 948 oppugnatum

257 961 320 1009 11
360 949 661 1014 venisset.
736 950 792 1013 si
837 950 939 1013 vir
985 952 1180 1033 esset,
1228 951 1745 1034 congrederetur.
1787 951 1925 1016 diu
1971 955 2381 1018 cunctantem

362 1035 727 1120 Crispinum
754 1038 1094 1120 perpulere
1121 1038 1452 1119 turmaleS,
1480 1058 1562 1102 ne
1589 1038 1831 1121 inpune
1858 1039 2176 1106 insultare
2198 1038 2381 1105 Cam·

257 1137 320 1185 12
358 1146 597 1208 panum
632 1128 987 1210 pateretur3
1023 1125 1240 1210 itaque
1269 1128 1528 1190 tantum
1566 1128 1855 1191 moratus
1865 1177 1883 1209 ,
1922 1128 2076 1191 dum
2105 1129 2383 1212 impera·

358 1217 531 1278 tores
568 1215 954 1298 consuleret,
998 1215 1533 1297 permitterentne
1571 1213 1697 1278 sibi
1744 1218 1927 1280 extra
1973 1214 2266 1280 ordinem
2312 1217 2384 1281 in

359 1306 818 1385 provocantem
846 1302 1101 1368 hostem
1130 1323 1449 1388 pugnare,
1477 1303 1795 1385 permissu
1824 1316 2044 1368 eorum
2073 1324 2254 1368 arma
2282 1325 2383 1369 ce-

359 1390 461 1474 pit
489 1412 849 1477 equumque
879 1392 1250 1457 conscendit
1278 1395 1345 1457 et
1373 1389 1650 1456 Badium
1684 1392 1947 1456 nomine
1985 1393 2382 1475 compellans

258 1490 324 1540 13
364 1480 444 1544 ad
479 1500 767 1565 pugnam
807 1481 1114 1547 evocavit.
1185 1481 1367 1546 nulla
1400 1502 1584 1545 mora
1621 1502 1661 1545 a
1687 1478 2016 1564 Campano
2043 1480 2221 1546 facta
2257 1485 2384 1566 est3

361 1569 617 1643 infestis
679 1571 858 1655 equis
918 1573 1391 1635 concurrerunt.
1485 1567 1820 1653 Crispinus
1878 1591 2071 1652 supra
2130 1572 2383 1634 8011111111

363 1657 697 1721 sinistrum
741 1678 1034 1722 umerum
1072 1657 1280 1723 Badio
1317 1656 1511 1721 hasta
1546 1657 1874 1721 transfixit
1913 1678 2229 1758 superque
2277 1657 2383 1722 de-

360 1744 617 1825 lapsum
665 1765 810 1808 cum
855 1743 1118 1809 vulnere
1167 1765 1244 1807 ex
1293 1765 1457 1826 equo
1497 1743 1784 1826 desiluit,
1829 1747 1905 1806 ut
1948 1744 2142 1826 pedes
2178 1745 2385 1808 iacen-

260 1842 324 1890 14
363 1834 494 1894 tem
522 1830 879 1896 conficeret.
936 1829 1206 1915 Badius,
1233 1832 1608 1915 priusquam
1639 1794 2128 1916 opprimeretur,
2155 1853 2384 1915 parma

261 1929 324 1981 15
364 1923 555 2003 atque
603 1940 765 2005 equo
821 1920 1049 1986 relicto
1097 1919 1178 1985 ad
1225 1940 1374 1985 suos
1422 1919 1703 2006 aufugit3
1764 1917 2100 2023 Crispinus
2147 1941 2382 2006 equum

363 2030 671 2094 armaque
717 2012 908 2093 capta
953 2011 1018 2074 et
1071 2012 1404 2075 cruentam
1449 2010 1775 2093 cuspidem
1828 2007 2108 2094 insignis
2156 2010 2382 2092 spoliis

365 2102 699 2163 ostentans
756 2119 904 2163 cum
957 2118 1194 2183 magna
1246 2097 1434 2163 laude
1489 2101 1555 2162 et
1608 2097 2043 2184 gratulatione
2101 2098 2383 2163 militum

363 2188 445 2252 ad
491 2187 787 2252 consules
833 2190 933 2251 est
977 2186 1283 2252 deductus
1321 2187 1751 2270 laudatusque
1794 2186 1888 2250 ibi
1935 2186 2282 2268 magnifice
2320 2191 2388 2251 et

364 2275 548 2338 donis
593 2275 889 2339 donatus.

297 2371 326 2420 1
539 2359 710 2424 XIX.
782 2359 1109 2423 Hannibal
1171 2382 1248 2423 ex
1303 2380 1460 2443 agro
1518 2359 1975 2424 Beneventano
2032 2361 2248 2423 castra
2304 2360 2384 2423 ad

365 2446 655 2531 Capuam
715 2468 859 2511 cum
918 2447 1249 2531 movisset,
1312 2446 1512 2512 tertio
1574 2451 1731 2531 post
1788 2447 1892 2512 die
1952 2468 2142 2531 quam
2207 2448 2388 2512 venit

293 2546 328 2596 2
367 2537 585 2620 copias
614 2536 682 2600 in
709 2536 912 2601 aciem
943 2536 1160 2601 eduxit
1186 2534 1687 2620 haudquaquam
1717 2535 1975 2620 dubiuS,
2004 2535 2175 2620 quod
2201 2534 2388 2600 Cam-

365 2626 553 2710 panis
582 2626 849 2692 absente
879 2646 946 2690 se
973 2646 1212 2709 paucos
1242 2628 1390 2690 ante
1423 2625 1557 2690 dies
1588 2625 1865 2690 secunda
1891 2625 2124 2690 fuisset
2147 2644 2389 2708 pugna,

368 2714 524 2799 quin
571 2716 776 2780 multo
821 2715 1034 2779 minus
1094 2736 1162 2779 se
1208 2736 1519 2797 suumque
1564 2715 1806 2779 totiens
1854 2714 2163 2778 victorem
2211 2732 2387 2774 exer·

297 2812 330 2861 3
369 2804 572 2869 citum
628 2804 943 2869 sustinere
998 2803 1277 2868 Romani
1332 2804 1615 2885 possent.
1706 2804 1988 2866 ceterum
2039 2802 2390 2882 postquam

367 2892 648 2977 pugnari
703 2895 1002 2973 coeptum
1058 2895 1182 2971 est,
1229 2892 1518 2974 equitum
1577 2889 1855 2952 maxime
1911 2888 2195 2972 incursu,
2244 2908 2391 2952 cum

368 2979 598 3042 iaculis
675 2979 1082 3059 obrueretur,
1146 2978 1494 3042 laborabat
1556 2975 1848 3040 Romana
1920 2975 2123 3060 acieS,
2187 2975 2389 3040 donec

372 3065 629 3149 signum
667 3066 990 3149 equitibus
1031 3064 1254 3129 datum
1294 3068 1422 3148 est,
1459 3069 1534 3129 ut
1568 3064 1639 3127 in
1675 3064 1933 3129 hostem
1972 3063 2393 3130 admitterent

299 3166 334 3215 4
374 3175 586 3239 equos.
676 3154 774 3218 ita
819 3156 1110 3237 equestre
1154 3153 1473 3254 proelium
1529 3155 1694 3235 erat,
1740 3173 1885 3217 cum
1942 3154 2168 3237 procul
2215 3153 2391 3217 visus

372 3241 874 3326 Sempronianus
936 3241 1279 3324 8181011118,
1348 3241 1451 3306 0111
1515 3240 1629 3306 Cn.
1677 3201 2026 3307 'Cornelius
2092 3243 2392 3326 quaestor

370 3334 684 3415 praeerat,
711 3331 971 3415 utrique
997 3331 1169 3415 parti
1196 3351 1421 3413 parem
1452 3333 1695 3395 metum
1722 3330 2038 3413 praebuit,
2061 3350 2143 3393 ne
2170 3328 2393 3392 hostes

304 3430 334 3478 ὅ
372 3420 523 3484 novi
553 3420 992 3486 adventarent.
1065 3420 1244 3486 velut
1282 3441 1360 3485 ex
1389 3419 1747 3503 composito
1784 3418 2107 3500 utrimque
2138 3416 2394 3499 signum

306 3554 315 3563 .
372 3508 658 3589 receptui
696 3509 944 3591 datum,
972 3508 1346 3594 reductique
1375 3508 1446 3574 in
1473 3512 1685 3574 castra
1711 3527 1911 3591 prope
1951 3525 2156 3590 aequo
2184 3503 2397 3569 Marte
