2654 3913
642 173 856 227 LIBER
893 175 1064 229 XXV.
1139 173 1290 228 CAP.
1333 180 1415 227 12.
1457 180 1539 228 13.
1617 175 1687 245 [a.
1729 175 1785 229 C.
1825 177 1954 246 212]
2219 176 2302 240 71

289 319 539 383 dederit
567 339 643 382 ex
670 318 931 420 publico
959 320 1241 401 partem,
1265 323 1514 399 partem
1549 317 1794 400 privati
1828 318 1927 383 uti
1964 320 2306 385 conferant

288 428 407 508 pro
455 428 522 471 se
569 410 762 490 atque
810 407 962 471 suis.
1033 406 1114 470 iis
1153 405 1321 471 ludis
1360 405 1668 470 faciendis
1714 406 1998 489 praeerit
2041 413 2306 502 praetor

287 496 371 578 is,
419 495 528 579 qui
572 496 672 558 ius
716 495 960 577 populo
1012 494 1351 577 plebeique
1408 494 1588 557 dabit
1632 515 1972 558 summum.
2046 495 2307 559 decem-

288 583 412 647 viri
467 582 713 647 Graeco
770 582 901 646 ritu
954 581 1189 647 hostiis
1245 603 1430 647 sacra
1483 581 1747 647 faciant.
1844 580 1969 646 hoc
2024 583 2083 646 si
2134 587 2305 647 recte

288 670 568 756 facietiS,
613 669 980 752 gaudebitis
1035 690 1291 752 semper
1335 671 1572 753 fietque
1628 692 1731 734 res
1788 673 2003 734 vestra
2049 671 2306 756 melior3

287 779 440 823 nam
485 759 544 823 is
590 759 777 823 divus
825 758 1160 842 extinguet
1192 758 1541 841 perduellis
1578 761 1854 841 vestros,
1902 759 2013 841 qui
2055 762 2305 824 vestros

289 867 553 930 campos
598 846 813 929 pascit
862 844 1177 929 placide.''
1270 846 1351 910 ad
1408 846 1475 910 id
1521 867 1779 910 carmen
1833 847 2307 929 explanandum

291 934 462 999 diem
491 956 688 1000 unum
718 938 1146 1018 sumpserunt.
1218 939 1477 1016 postero
1510 933 1611 998 die
1643 937 1905 999 senatus
1941 935 2308 999 consultum

290 1022 537 1087 factum
577 1025 703 1106 est,
739 1027 814 1087 ut
851 1021 1196 1087 decemviri
1229 1022 1305 1085 de
1345 1021 1513 1086 ludis
1542 1021 1833 1105 Apollini
1868 1044 2064 1107 reque
2093 1022 2309 1088 divina

241 1158 245 1159 ν
289 1110 583 1175 facienda
611 1111 1019 1193 inspicerent.
1066 1131 1142 1173 ea
1171 1129 1314 1174 cum
1344 1110 1636 1192 inspecta
1663 1111 1993 1194 relataque
2023 1110 2103 1176 ad
2124 1132 2306 1176 sena-

289 1201 431 1263 tum
470 1203 710 1282 essent,
757 1201 1142 1263 censuerunt
1177 1201 1398 1280 patres
1435 1198 1728 1280 Apollini
1763 1199 1949 1264 ludos
1984 1199 2308 1265 vovendos

291 1287 743 1371 faciendosque
797 1289 889 1370 et,
946 1284 1203 1371 quando
1263 1285 1402 1350 ludi
1459 1286 1618 1350 facti
1675 1291 1916 1370 essent,
1974 1287 2309 1352 duodecim

291 1375 476 1440 milia
523 1375 690 1439 aeris
735 1375 1020 1457 praetori
1079 1374 1157 1437 ad
1211 1395 1347 1438 rem
1404 1373 1689 1437 divinam
1745 1377 1809 1438 et
1852 1374 2013 1438 duas
2058 1374 2309 1439 hostias

293 1464 570 1527 maiores
599 1462 861 1526 dandas.
930 1462 1204 1526 alterum
1233 1464 1496 1525 senatus
1526 1461 1891 1525 consultum
1917 1461 2162 1526 factum
2192 1465 2310 1545 est,

294 1555 371 1615 ut
397 1549 741 1614 decemviri
770 1570 1023 1614 sacrum
1053 1548 1301 1615 Graeco
1331 1549 1462 1613 ritu
1489 1548 1775 1614 facerent
1800 1549 2028 1632 hisque
2054 1549 2309 1633 hostiis,

292 1638 591 1722 Apollini
645 1639 807 1703 bove
855 1642 1082 1702 aurato
1140 1643 1207 1703 et
1261 1638 1471 1721 capris
1527 1638 1775 1702 duabus
1822 1638 1989 1702 albis
2048 1639 2310 1721 auratis,

292 1724 584 1791 Latonae
630 1726 795 1792 bove
840 1726 1082 1790 femina
1126 1729 1372 1791 aurata.
1465 1724 1653 1791 ludos
1706 1729 1972 1810 praetor
2022 1726 2091 1791 in
2138 1725 2307 1792 circo

294 1816 576 1879 maximo
615 1836 761 1879 cum
796 1814 1084 1880 facturus
1123 1818 1319 1897 esset,
1367 1814 1591 1897 edixit,
1630 1817 1703 1879 ut
1735 1815 2009 1898 populus
2044 1837 2163 1898 per
2199 1836 2309 1881 eos

292 1904 481 1969 ludos
520 1904 757 1987 stipem
786 1901 1106 1986 Apollini,
1144 1905 1453 1987 quantam
1491 1903 1896 1969 commodum
1925 1907 2121 1988 esset,
2160 1925 2309 1970 con-

293 1992 513 2055 ferret.
576 1992 735 2056 haec
773 1997 873 2055 est
909 1992 1093 2075 origo
1131 1992 1429 2055 ludorum
1463 1991 1945 2076 Apollinarium
1983 1993 2309 2076 victoriae,

293 2100 429 2143 non
494 2077 878 2143 valetudinis
943 2100 1131 2163 erg0,
1203 2083 1278 2144 ut
1338 2080 1625 2163 plerique
1698 2082 1945 2164 rentur,
2007 2084 2309 2144 votorum

293 2168 760 2251 factorumque.
848 2167 1126 2250 populus
1182 2172 1525 2232 coronatus
1585 2168 1928 2251 spectavit,
1973 2171 2309 2233 matronae

295 2256 773 2339 supplicavere3
809 2255 1004 2338 vulgo
1043 2256 1283 2338 apertis
1320 2256 1531 2321 ianuis
1568 2255 1638 2319 in
1673 2256 2036 2340 propatulis
2064 2257 2312 2341 epulati

295 2348 472 2428 sunt,
518 2344 894 2427 celeberque
936 2344 1072 2408 dies
1111 2344 1287 2408 omni
1325 2344 1859 2410 caerimoniarum
1896 2365 2129 2429 genere
2164 2345 2308 2411 fuit.

470 2431 648 2496 XIII.
678 2430 838 2497 Cum
857 2431 1186 2497 Hannibal
1214 2433 1385 2497 circa
1401 2433 1771 2516 Tarentum,
1793 2434 2085 2499 consules
2116 2435 2307 2500 ambo

295 2519 364 2582 in
409 2515 671 2581 Samnio
720 2523 963 2601 essent,
1010 2519 1122 2583 sed
1169 2520 1651 2584 circumsessuri
1688 2518 1977 2604 Capuam
2023 2523 2311 2589 videren-

293 2609 430 2687 tur,
478 2603 647 2688 quod
693 2605 932 2667 malum
979 2605 1319 2668 diuturnae
1367 2606 1719 2669 obsidionis
1766 2628 1903 2670 esse
1951 2609 2144 2691 solet,
2179 2610 2311 2672 iam

294 2693 534 2758 famem
564 2689 880 2774 Campani
914 2691 1306 2775 sentiebant,
1345 2692 1497 2774 quia
1533 2697 1884 2756 sementem
1921 2693 2131 2758 facere
2168 2716 2310 2777 pro-

294 2782 643 2846 hibuerant
670 2800 780 2844 eos
808 2777 1088 2843 Romani
1117 2778 1451 2843 exercitus
1505 2780 1724 2861 itaque
1753 2780 2001 2864 legatos
2031 2782 2109 2845 ad
2136 2782 2310 2846 Han-

296 2870 579 2933 nibalem
625 2868 944 2933 miserunt
987 2871 1274 2951 oranteS,
1331 2871 1432 2951 ut,
1475 2867 1854 2951 priusquam
1900 2870 2195 2935 consules
2240 2871 2312 2934 in

299 2977 491 3040 agros
539 2979 687 3023 suos
727 2956 1070 3022 educerent
1105 2955 1420 3040 legioneS,
1455 2957 1725 3039 viaeque
1762 2978 1983 3022 omnes
2022 2958 2311 3024 hostium

295 3044 632 3127 praesidiis
677 3045 1132 3129 insiderentur,
1176 3045 1569 3110 frumentum
1622 3066 1698 3109 ex
1733 3047 2112 3131 propinquis
2149 3048 2311 3114 locis

2344 420 2422 470 lo

2348 859 2415 907 11

2347 1123 2414 1173 12

2346 1476 2416 1524 13

2349 1739 2419 1790 14

2351 2005 2418 2055 15

2349 2446 2380 2495 1

298 3131 569 3197 convehi
593 3131 845 3196 iuberet
871 3132 1177 3218 Capuam.
1243 3133 1573 3198 Hannibal
1599 3133 1984 3201 Hannonem
2014 3158 2090 3199 ex
2118 3135 2307 3200 Brut·
2347 3148 2384 3198 3

296 3220 407 3284 tiis
456 3240 599 3284 cum
646 3221 925 3285 exercitu
970 3223 1038 3285 in
1076 3220 1498 3305 Campaniam
1534 3223 1812 3287 transire
1860 3228 1926 3287 et
1972 3223 2121 3287 dare
2161 3244 2310 3305 ope-

295 3330 464 3391 ram,
500 3313 577 3373 ut
610 3306 916 3372 frumenti
946 3309 1133 3391 copia
1167 3311 1352 3375 fieret
1381 3308 1755 3393 Campanis,
1791 3310 2000 3374 iussit.
2072 3309 2307 3375 Hanno
2346 3324 2381 3373 4

297 3418 374 3461 ex
420 3396 695 3461 Bruttiis
738 3396 1067 3480 profectus
1128 3419 1272 3462 cum
1321 3399 1605 3462 exercitu
1659 3397 2050 3462 vitabundus
2098 3402 2309 3464 castra

294 3482 582 3550 hostium
621 3485 1070 3572 consulesque,
1116 3485 1226 3568 qui
1272 3486 1339 3549 in
1378 3483 1641 3551 Samnio
1680 3489 1893 3571 erant,
1930 3507 2073 3551 cum
2111 3486 2309 3552 Bene·
