2654 3913
684 218 900 272 LIBER
935 219 1101 274 XXV.
1178 219 1331 274 CAP.
1375 228 1419 274 1.
1459 228 1507 275 2.
1587 222 1657 292 [a.
1699 222 1755 276 c.
1795 225 1921 294 213]
2222 225 2305 288 57

290 361 377 426 M.
406 360 686 426 Aemilio
724 364 1012 445 praetori
1049 364 1300 429 urbano
1340 365 1675 448 negotium
1716 365 1797 430 ab
1828 371 2057 431 senatu
2085 368 2307 433 datum
2439 382 2444 385 “

292 453 417 533 est,
474 453 549 514 ut
604 451 695 514 eis
750 451 1177 534 religionibus
1232 454 1545 535 populum
1600 453 1924 517 liberaret.
2016 455 2073 519 is
2129 460 2195 520 et
2240 457 2307 519 in
2349 468 2414 517 12
2481 531 2485 535 .

293 536 594 602 contione
632 541 898 602 senatus
937 540 1306 604 consultum
1344 540 1645 605 recitavit
1682 545 1748 605 et
1785 542 2009 622 edixit,
2045 546 2146 631 ut,
2176 544 2309 627 qui-
2484 555 2493 564 ‘

178 648 183 651 ·
266 646 561 708 Δ(ὶιιῐιιᾳιιθ
596 625 800 690 libros
830 626 1173 691 vaticinios
1211 628 1693 711 precationesve
1730 632 1845 692 aut
1880 635 2085 693 artem
2115 632 2308 695 sacri-

289 712 526 778 ficandi
555 714 990 796 conscriptam
1013 714 1305 795 haberet,
1325 736 1435 780 eos
1466 716 1668 780 libros
1689 716 1898 780 omnis
1928 718 2308 802 litterasque

293 800 370 864 ad
418 821 487 864 se
537 803 687 865 ante
733 801 863 865 kal.
908 802 1167 885 Apriles
1223 802 1529 886 deferret,
1573 824 1699 868 neu
1746 803 1888 888 quis
1933 805 2003 868 in
2047 806 2307 888 publico

295 909 560 953 sacrove
590 888 732 953 loco
759 910 927 953 novo
958 893 1073 954 aut
1112 893 1374 955 externo
1412 891 1545 955 ritu
1573 891 1983 957 sacrificaret.
2052 892 2133 956 II.
2172 893 2307 958 Ali-
2350 906 2370 947 ¹

293 979 453 1059 quot
497 975 743 1058 publici
790 976 1152 1041 sacerdotes
1199 979 1443 1066 mortui
1490 1000 1564 1042 eo
1611 1000 1778 1044 anno
1828 984 2005 1063 sunt,
2050 979 2121 1044 L.
2160 980 2309 1046 Cor-

294 1063 506 1127 nelius
543 1062 858 1128 Lentulus
892 1064 1212 1147 pontufex
1247 1067 1564 1129 maximus
1608 1070 1675 1130 et
1710 1064 1777 1131 C.
1805 1066 2105 1151 Papirius
2145 1068 2211 1133 C.
2239 1068 2308 1133 F.

291 1151 509 1215 Masso
556 1151 848 1234 pontifex
897 1156 961 1216 et
1002 1152 1075 1216 P.
1112 1151 1346 1217 Furius
1382 1153 1608 1217 Philus
1656 1175 1863 1240 augur
1910 1160 1976 1220 et
2014 1155 2081 1220 C.
2119 1157 2307 1239 Papi-

290 1241 424 1303 rius
462 1237 532 1302 L.
560 1237 630 1303 F.
657 1238 876 1304 Masso
918 1239 1237 1304 decemvir
1277 1262 1621 1306 sacrorum.
1694 1242 1762 1305 in
1798 1242 2060 1308 Lentuli
2094 1245 2307 1308 locum
2344 1256 2379 1304 2

291 1326 376 1390 M.
415 1325 756 1391 Cornelius
795 1322 1150 1412 Cethegus,
1196 1328 1263 1391 in
1299 1327 1521 1411 Papiri
1567 1326 1680 1392 Cn.
1720 1326 2028 1394 Servilius
2068 1329 2306 1413 Caepio

290 1414 630 1498 pontifices
671 1414 924 1479 suffecti
962 1419 1137 1498 sunt,
1184 1435 1391 1499 augur
1428 1412 1682 1479 creatus
1719 1415 1789 1479 L.
1829 1415 2129 1491 Quintius
2166 1418 2309 1482 Fla·

292 1502 609 1583 mininuS,
657 1501 977 1567 decemvir
1023 1523 1353 1568 sacrorum
1400 1501 1471 1567 L.
1519 1502 1860 1567 Cornelius
1907 1502 2238 1569 LentuluS.

276 1661 287 1671 ‚
472 1587 899 1655 Comitiorum
954 1592 1389 1655 consularium
1444 1590 1577 1655 iam
1630 1589 1977 1673 adpetebat
2031 1594 2306 1677 tempuS,
2344 1605 2378 1652 3

294 1678 403 1742 sed
453 1676 605 1760 quia
651 1678 945 1742 consules
984 1678 1158 1744 bello
1196 1678 1482 1744 intentos
1522 1699 1789 1743 avocare
1824 1700 1956 1743 non
1994 1680 2308 1764 placebat,

292 1765 386 1830 Ti.
435 1763 850 1848 Sempronius
914 1767 1137 1831 consul>
1197 1767 1607 1831 comitiorum
1672 1788 1865 1831 causa
1928 1767 2307 1833 dictatorem

291 1853 455 1917 dixit
493 1851 562 1918 C.
601 1852 942 1918 Claudium
983 1852 1358 1918 Centonem.
1432 1855 1510 1919 ab
1551 1876 1624 1919 eo
1664 1854 1976 1939 magister
2015 1857 2307 1940 equitum

293 1945 393 2006 est
428 1941 637 2006 dictus
677 1941 750 2017 Q.
777 1941 1044 2007 Fulvius
1081 1941 1369 2008 Flaccus,
1435 1942 1711 2008 dictator
1747 1943 1955 2027 primo
1994 1946 2305 2011 comitiali
2342 1956 2378 2005 4

172 2041 183 2052 ⁹
294 2029 394 2093 die
443 2030 684 2093 creavit
739 2031 1034 2094 consules
1082 2030 1154 2105 Q.
1199 2029 1500 2095 Fulvium
1545 2030 1871 2114 Flaccum,
1917 2035 2306 2116 magistrum

296 2116 611 2200 equitum,
659 2120 724 2181 et
769 2117 892 2200 Ap.
939 2116 1278 2182 Claudium
1322 2119 1697 2202 Pulchrum,
1743 2119 1844 2183 cui
1891 2116 2109 2183 Sicilia
2161 2141 2306 2203 pro·

293 2203 505 2269 vincia
558 2205 625 2268 in
678 2207 984 2288 praetura
1037 2206 1266 2271 fuerat.
1357 2211 1496 2271 tum
1551 2210 1883 2291 praetores
1940 2207 2138 2271 creati
2194 2206 2305 2273 Cn.
2346 2218 2379 2267 5

293 2291 557 2357 Fulvius
603 2290 898 2376 Flaccus,
947 2291 1011 2360 Ο.
1049 2292 1354 2360 Claudius
1400 2294 1601 2379 Nero,
1646 2295 1732 2359 Μ.
1767 2293 1990 2360 Iunius
2029 2293 2308 2381 Silanus,

291 2379 360 2444 P.
381 2379 715 2445 Cornelius
737 2380 936 2446 Sulla.
983 2383 1263 2447 comitiis
1293 2383 1593 2466 perfectis
1622 2384 1901 2448 dictator
1919 2385 2306 2469 magistratu

295 2468 473 2532 abiit.
564 2469 786 2533 aedilis
843 2470 1084 2534 curulis
1139 2471 1267 2535 fuit
1322 2492 1396 2535 eo
1455 2493 1624 2536 anno
1683 2494 1827 2536 cum
1874 2472 1959 2536 M.
2008 2470 2306 2537 Cornelio
2346 2482 2381 2530 6

295 2552 584 2635 Cethego
640 2555 710 2618 Ρ.
768 2553 1104 2656 Cornelius
1161 2556 1377 2657 Scipio
1387 2607 1404 2657 3
1436 2560 1561 2657 ‘cui
1614 2562 1765 2640 post
1819 2558 2126 2657 Africano
2183 2560 2309 2623 fuit

291 2641 1692 2811 ἓὲῗηίῗἷῗίὲι,ῑξΠέἰςὲἰῖἰὲῗαῗῗοῗῗὲῗῗ..
1715 2645 2311 2813 Οὲᾗθὲἓὲᾏῖωέἔεῖῗ

294 2819 464 2901 quod
506 2816 791 2884 nondum
841 2814 922 2880 ad
967 2815 1316 2899 petendum
1370 2815 1669 2900 legitima
1714 2819 1893 2881 aetas
1941 2822 2145 2902 esset,
2193 2816 2307 2883 “si
2346 2830 2377 2878 τ

293 2904 451 2968 me''
518 2905 729 2990 inquit
785 2903 1064 2969 “omnes
1122 2903 1406 2979 Quirites
1471 2904 1743 2969 aedilem
1797 2905 2009 2969 facere
2063 2906 2309 2990 volunt,

295 2992 451 3067 satis
500 3014 816 3057 annorum
870 2991 1147 3058 habeo.''
1238 2995 1422 3058 tanto
1477 2993 1624 3057 inde
1677 2992 1900 3058 favore
1955 2993 2035 3058 ad
2082 2994 2305 3060 suffra-

294 3079 473 3164 gium
535 3080 868 3146 ferendum
923 3083 992 3146 in
1045 3081 1255 3146 tribus
1317 3081 1673 3146 discursum
1738 3085 1861 3165 est,
1926 3086 2000 3147 ut
2062 3083 2308 3149 tribuni

294 3169 555 3268 repente
583 3167 837 3270 incepto
868 3170 1248 3271 destiterint.
1311 3170 1619 3271 ‘aedilicia
1655 3171 1919 3272 largitio
1957 3171 2119 3271 baec
2153 3171 2306 3320 {uitg
2345 3181 2383 3229 8

292 3255 2309 3446 3⁶31&ffigzsssffiezzszssfflxw{zssgffafflss..zzz

291 3434 624 3585 Flgngdliliffis
639 3431 1768 3606 {iidilestldbldilallsiqffgffijdldffionffs
1799 3430 2307 3606 aeffiuflpldgfflldlzltl
2346 3446 2382 3494 9
