2654 3913
390 184 481 246 82
641 185 855 239 LIBER
890 186 1061 239 xxv.
1135 183 1282 237 cAP.
1326 189 1406 235 19.
1447 188 1531 237 20.
1570 188 1654 235 21.
1732 183 1807 253 [a.
1845 182 1908 238 U.
1950 200 1994 238 ο.
2034 185 2159 253 542]

389 324 691 390 omnibus
736 327 858 391 viis
904 324 985 388 ab
1033 325 1245 406 equite
1290 322 1583 406 insessiS,
1639 327 1714 387 ut
1759 344 1836 387 ex
1880 327 2066 389 tanta
2110 327 2398 392 multitu-

391 414 540 478 dine
585 414 694 477 vix
739 413 912 477 mille
958 410 1305 493 evaserint,
1352 411 1550 474 ceteri
1593 409 1837 494 passim
1885 412 1997 476 alii
2045 414 2175 478 alia
2219 418 2400 494 peste

391 502 719 583 absumpti
763 502 911 563 sint.

321 602 351 649 1
565 588 710 654 XX.
750 586 969 669 Capua
1004 608 1044 649 a
1080 587 1453 651 consulibus
1481 588 1717 651 iterum
1746 609 1994 652 summa
2026 588 2091 652 vi
2119 589 2402 654 obsideri

391 680 618 759 coepta
663 677 787 755 est,
834 694 1121 758 quaeque
1167 675 1238 738 in
1285 696 1426 740 eam
1479 696 1617 739 rem
1666 697 1825 760 opus
1883 680 2065 740 erant
2110 697 2400 761 compor

319 776 353 825 2
391 765 696 829 tabantur
748 762 1290 846 parabanturque.
1390 760 1751 829 Casilinum
1804 763 2197 829 frumentum
2252 786 2399 830 con-

385 851 666 931 vectum3
696 849 778 913 ad
796 848 1100 914 Volturni
1122 851 1384 934 ostium,
1402 852 1515 915 ubi
1543 873 1715 917 nunc
1743 853 1899 917 urbs
1929 855 2046 937 est,
2066 853 2400 918 castellum

385 898 853 1001 communitum
880 939 950 1002 in
976 958 1155 1021 eoque
1189 943 1248 1004 et
1271 939 1547 1004 Puteolis
1573 976 1661 986 -
1691 941 1955 1005 triennio
1984 944 2133 1006 ante
2159 940 2400 1006 Fabius

384 1021 704 1089 Maximus
742 1027 1063 1091 munierat
1113 1063 1187 1073 —
1239 1027 1634 1110 praesidium
1671 1028 2073 1113 impositum,
2118 1033 2193 1093 ut
2227 1052 2402 1095 mare

314 1124 349 1171 3
383 1112 747 1195 proximum
805 1118 869 1178 et
922 1115 1156 1179 flumen
1211 1115 1280 1178 in
1331 1117 1655 1197 potestate
1711 1121 1920 1180 essent.
2021 1117 2091 1180 in
2146 1139 2222 1181 ea
2278 1118 2401 1181 duo

385 1200 715 1265 maritima
760 1204 1027 1267 castella
1072 1203 1496 1286 frumentum,
1543 1202 1714 1285 quod
1751 1224 1829 1266 ex
1866 1202 2163 1267 Sardinia
2199 1227 2404 1288 nuper

386 1288 655 1354 missum
709 1294 849 1354 erat
901 1291 1199 1376 quodque
1252 1290 1341 1356 M.
1393 1290 1617 1357 Iunius
1679 1294 1943 1376 praetor
2003 1312 2080 1355 ex
2134 1291 2404 1357 Etruria

388 1380 730 1461 coemerat,
786 1379 865 1443 ab
923 1378 1108 1445 Ostia
1164 1384 1543 1445 convectum
1601 1385 1727 1463 est,
1793 1383 1867 1446 ut
1927 1380 2236 1444 exercitui
2289 1403 2405 1464 per

313 1479 351 1527 4
387 1467 661 1532 hiemem
700 1469 888 1551 copia
926 1472 1113 1534 esset.
1185 1472 1469 1534 ceterum
1507 1490 1698 1551 super
1734 1490 1875 1533 eam
1922 1468 2197 1554 cladem,
2242 1490 2404 1553 quae

388 1556 457 1619 in
510 1554 787 1619 Lucanis
845 1560 1107 1640 accepta
1163 1562 1331 1641 erat,
1394 1558 1702 1622 volonum
1759 1578 2014 1640 quoque
2071 1559 2404 1638 exercituS,
2497 1633 2508 1639 -

387 1643 498 1725 qui
543 1642 691 1707 vivo
731 1642 1019 1709 Graccho
1069 1666 1321 1709 summa
1368 1645 1487 1708 fide
1536 1645 1864 1727 stipendia
1908 1644 2177 1728 fecerat,
2224 1646 2402 1709 velut

386 1733 839 1796 exauctoratus
885 1735 1094 1796 morte
1140 1732 1318 1796 ducis
1367 1732 1446 1795 ab
1493 1732 1697 1816 signis
1746 1731 2061 1795 discessit.

312 1829 346 1879 5
560 1817 896 1883 Hannibal
938 1841 1072 1884 non
1110 1817 1398 1902 Capuam
1443 1821 1805 1904 neglectam
1849 1840 2053 1902 neque
2100 1820 2169 1884 in
2213 1824 2402 1885 tanto

385 1906 754 1972 discrimine
813 1908 1098 1973 desertos
1155 1907 1419 1973 volebat
1483 1907 1723 1991 socios3
1790 1907 1901 1973 sed
1954 1929 2261 1993 prospero
2328 1931 2405 1973 ex

383 1996 749 2061 temeritate
775 1998 965 2062 unius
988 1996 1266 2062 Romani
1295 1997 1475 2061 ducis
1506 2018 1804 2062 successu
1829 1996 1900 2061 in
1925 1998 2193 2063 alterius
2223 1998 2402 2063 ducis

315 2097 350 2146 6
388 2084 827 2169 exercitusque
883 2086 1285 2169 opprimendi
1341 2086 1743 2150 occasionem
1798 2085 2194 2152 imminebat.
2291 2084 2403 2151 Cn.

385 2172 688 2237 Fulvium
718 2178 1084 2257 praetorem
1109 2172 1306 2256 Apuli
1335 2174 1538 2257 legati
1564 2174 1959 2237 nuntiabant
1986 2175 2223 2256 primo,
2253 2176 2403 2239 dum

385 2260 577 2324 urbes
624 2261 935 2343 quasdam
973 2261 1363 2344 Apulorum,
1407 2282 1569 2344 quae
1610 2259 1692 2324 ad
1727 2260 2166 2324 Hannibalem
2204 2263 2402 2325 desci-

386 2348 659 2432 vissent,
688 2354 1116 2433 oppugnaret,
1145 2348 1460 2413 intentius
1488 2370 1625 2412 rem
1656 2346 1890 2431 egisse3
1931 2350 2159 2431 postea
2199 2349 2402 2412 nimio

387 2457 685 2502 successu
740 2441 806 2501 et
850 2436 1061 2521 ipsum
1108 2441 1174 2501 et
1218 2436 1461 2500 milites
1516 2436 1755 2518 praeda
1799 2434 2105 2519 impletos
2151 2437 2221 2501 in
2265 2440 2405 2501 tan-

385 2526 523 2589 tam
559 2524 887 2590 licentiam
927 2525 1411 2608 socordiamque
1441 2523 1676 2589 effusos
1685 2575 1705 2609 ,
1741 2527 1815 2588 ut
1850 2523 2030 2589 nulla
2066 2524 2407 2608 disciplina

318 2626 348 2672 ’1
389 2613 661 2679 militiae
691 2617 878 2680 esset.
952 2635 1096 2679 cum
1126 2634 1316 2696 saepe
1346 2613 1538 2695 aliaS,
1575 2617 1715 2678 tum
1754 2613 1974 2697 paucis
2003 2612 2226 2677 diebus
2257 2617 2407 2677 ante

391 2706 716 2787 expertuS,
775 2701 984 2787 qualis
1044 2702 1164 2767 sub
1223 2703 1431 2768 inscio
1494 2701 1650 2766 duce
1707 2701 2026 2765 exercitus
2087 2703 2279 2782 esset,
2339 2702 2407 2762 in

243 2798 295 2847 *b
320 2804 348 2849 1
388 2789 698 2875 Apuliam
746 2796 960 2857 castra
1004 2790 1224 2856 movit.
1301 2789 1477 2854 XXI.
1523 2790 1692 2852 circa
1728 2788 2135 2852 Herdoneam
2169 2787 2406 2852 Roma-

387 2900 509 2943 nae
550 2879 836 2963 legiones
876 2881 942 2941 et
976 2882 1238 2960 praetor
1272 2877 1542 2943 Fulvius
1583 2879 1737 2939 erat.
1811 2897 1936 2958 quo
1983 2876 2097 2938 ubi
2135 2876 2406 2941 allatum

389 2970 490 3029 est
524 2965 731 3029 hostis
770 2965 1141 3047 adventare,
1175 2987 1378 3048 prope
1418 2968 1517 3029 est
1544 2962 1813 3045 factum,
1829 2962 1962 3053 ut
1941 2963 2192 3029 iniussu
2228 2986 2408 3065 prae·

389 3052 552 3119 toris
601 3052 803 3137 signis
852 3052 1176 3117 convulsis
1215 3054 1284 3116 in
1321 3053 1526 3117 aciem
1567 3044 1840 3116 exirent.
1898 3044 2016 3116 nec
2053 3075 2156 3117 res
2195 3054 2406 3138 magis

389 3141 523 3207 ulla
566 3140 779 3205 tenuit
825 3162 1019 3224 quam
1066 3161 1212 3224 spes
1258 3140 1429 3204 haud
1467 3138 1663 3203 dubia
1700 3160 1816 3203 suo
1854 3140 1918 3204 id
1957 3141 2256 3225 arbitri0,
2295 3141 2408 3205 ubi

316 3244 352 3292 2
391 3230 658 3312 vellent,
702 3228 1005 3311 facturos.
1072 3232 1262 3293 nocte
1307 3227 1674 3313 insequenti
1719 3226 2075 3312 Hannibal,
2122 3250 2265 3294 cum
2310 3230 2408 3289 tu-

392 3320 782 3385 multuatum
817 3318 888 3383 in
925 3318 1153 3383 castris
1195 3319 1259 3382 et
1295 3318 1640 3402 plerosque
1676 3316 2006 3399 ferociter,
2045 3317 2305 3399 signum
2335 3319 2409 3377 ut

393 3408 602 3490 daret,
659 3407 979 3473 institisse
1036 3405 1184 3472 duci
1239 3406 1320 3472 ad
1376 3427 1558 3471 arma
1614 3405 1904 3470 vocantis
1961 3403 2178 3486 sciret,
2232 3402 2408 3466 haud

321 3506 355 3554 3
394 3493 623 3558 dubius
670 3516 1014 3579 prosperae
1071 3515 1325 3580 pugnae
1383 3494 1782 3562 occasionem
1837 3490 2002 3572 dari,
2055 3492 2184 3555 tria
2229 3491 2410 3555 milia
