2654 3913
613 215 826 270 LIBER
860 215 1052 272 XXIV.
1128 215 1279 270 CAP.
1319 223 1404 274 31.
1440 223 1528 272 32.
1603 218 1677 288 [a.
1718 218 1774 273 O.
1814 220 1943 291 214]
2196 222 2283 287 35

269 381 385 425 suo
396 409 414 445 ,
451 359 886 445 conprehendi
920 359 1197 443 inicique
1236 364 1497 425 catenas
1525 361 1850 427 iusserunt
1878 362 2282 447 Hippocrati.

269 448 351 512 ad
389 469 579 531 quam
614 468 837 513 vocem
874 451 1095 512 tantus
1133 449 1457 532 extemplo
1485 449 1765 534 primum
1804 473 1843 515 a
1872 449 2281 529 Cretensibus
2321 466 2357 515 4

268 536 510 601 clamor
557 539 658 600 est
703 539 914 620 ortus,
959 535 1187 600 deinde
1235 539 1537 621 exceptus
1594 538 1675 602 ab
1725 538 1903 623 aliis,
1959 544 2033 605 ut
2074 539 2284 624 facile,

267 624 324 689 si
368 625 541 690 ultra
576 623 940 707 tenderent,
978 627 1319 707 appareret
1357 625 1448 689 eis
1483 625 1841 691 timendum
1880 648 2035 692 esse.
2108 629 2283 694 solli·
2321 640 2355 689 5

268 712 380 777 citi
434 712 792 796 incertique
844 733 1059 777 rerum
1118 733 1381 778 suarum
1435 711 1722 797 Megara,
1792 715 1958 780 unde
2013 714 2285 798 profecti

269 804 477 883 erant,
523 799 751 864 referri
810 800 997 883 signa
1049 799 1277 865 iubent
1320 802 1714 886 nuntiosque
1761 801 1838 866 de
1886 805 2060 867 statu
2106 825 2285 887 prae·

269 888 441 953 senti
478 885 826 971 Syracusas
874 888 1163 952 mittunt.
1233 888 1525 953 fraudem
1562 909 1814 973 quoque
1851 889 2284 974 Hippocrates
2321 904 2355 954 6

270 975 449 1040 addit
493 975 818 1040 inclinatis
864 975 945 1039 ad
991 997 1247 1040 omnem
1289 977 1724 1060 suspicionem
1765 978 1997 1043 animis
2035 981 2100 1042 et
2137 977 2283 1045 Cre·

268 1063 549 1129 tensium
603 1063 986 1149 quibusdam
1043 1063 1123 1128 ad
1183 1063 1420 1128 itinera
1464 1065 1802 1130 insidenda
1848 1066 2063 1131 missis
2110 1067 2286 1133 velut

268 1152 658 1236 interceptas
723 1152 974 1217 litteras
985 1201 1002 1235 ,
1062 1172 1223 1236 quas
1287 1153 1425 1234 ipse
1489 1157 1965 1239 composuerat,
2028 1155 2283 1221 recitat:

270 1239 657 1325 “praetores
712 1236 1107 1324 Syracusani
1161 1240 1412 1305 consuli
1466 1239 1838 1307 Marcello.''
1939 1243 2284 1309 secundum
2323 1257 2354 1305 ’1

269 1329 571 1412 salutem,
623 1331 700 1393 ut
752 1328 1026 1411 adsolet,
1080 1328 1392 1412 scriptum
1447 1332 1587 1393 erat
1648 1332 1819 1395 recte
1884 1352 2032 1396 eum
2093 1335 2285 1417 atque

270 1416 493 1482 ordine
528 1415 783 1499 fecisse,
820 1416 989 1499 quod
1024 1416 1093 1479 in
1126 1415 1459 1481 Leontinis
1494 1416 1661 1481 nulli
1696 1418 2102 1501 pepercisset.
2171 1420 2281 1484 sed
2319 1432 2354 1481 8

272 1503 557 1569 omnium
594 1503 1174 1568 mercennariorum
1212 1503 1495 1568 militum
1531 1505 1798 1569 eandem
1838 1526 1976 1570 esse
2005 1526 2284 1590 causam,

269 1612 390 1656 nec
426 1612 730 1674 umquam
769 1589 1118 1674 Syracusas
1156 1592 1513 1676 quieturas,
1558 1592 1760 1657 donec
1796 1594 2139 1677 quicquam
2184 1615 2286 1658 ex-

273 1684 602 1746 ternorum
651 1679 1027 1744 auxiliorum
1074 1683 1188 1744 aut
1231 1680 1301 1744 in
1345 1680 1503 1744 urbe
1561 1683 1672 1745 aut
1723 1681 1793 1745 in
1840 1681 2122 1746 exercitu
2168 1703 2284 1747 suo

270 1770 457 1834 esset.
521 1767 741 1851 itaque
778 1767 963 1833 daret
999 1789 1288 1852 operam,
1323 1770 1399 1832 ut
1433 1788 1571 1853 eost,
1608 1768 1719 1852 qui
1752 1790 1897 1834 cum
1934 1770 2069 1836 suis
2105 1791 2283 1852 prae·
2321 1782 2354 1831 9

268 1856 520 1922 toribus
559 1858 774 1920 castra
802 1855 881 1920 ad
910 1854 1176 1940 Megara
1202 1855 1543 1940 haberent,
1579 1857 1648 1920 in
1681 1878 1865 1923 suam
1890 1860 2282 1943 potestatem

268 1944 593 2029 redigeret
648 1966 721 2009 ac
768 1943 1082 2028 supplicio
1140 1966 1362 2010 eorum
1420 1944 1729 2011 liberaret
1780 1946 2043 2012 tandem
2091 1944 2283 2031 Syra-

270 2053 476 2097 cusas.
562 2032 723 2098 haec
768 2054 911 2097 cum
957 2032 1227 2097 recitata
1272 2038 1515 2117 essent,
1571 2056 1716 2098 cum
1770 2037 1954 2098 tanto
2002 2035 2280 2100 clamore
2322 2048 2389 2098 10

271 2120 354 2185 ad
403 2140 585 2183 arma
632 2120 989 2184 discursum
1035 2124 1162 2202 est,
1206 2124 1282 2185 ut
1322 2123 1654 2205 praetores
1708 2121 1879 2186 inter
1932 2121 2285 2187 tumultum

267 2206 489 2293 pavidi
544 2207 1059 2290 abequitaverint
1113 2205 1481 2292 Syracusas.
1570 2213 1637 2275 et
1688 2230 1770 2273 ne
1823 2209 1982 2294 fuga
2026 2209 2282 2293 quidem
2324 2223 2387 2271 11

270 2317 495 2361 eorum
524 2295 755 2360 seditio
785 2316 1129 2379 conpressa
1158 2301 1285 2381 est,
1320 2296 1726 2381 impetusque
1753 2298 1822 2362 in
1851 2295 2284 2381 Syracusanos

268 2383 509 2449 milites
557 2383 824 2467 fiebant3
869 2404 987 2448 nec
1033 2384 1113 2448 ab
1152 2385 1287 2449 ullo
1325 2388 1755 2467 temperatum
1789 2385 1985 2470 foret,
2027 2387 2098 2451 ni
2128 2386 2284 2471 Epi-

268 2472 460 2555 cydes
491 2475 681 2555 atque
699 2471 1133 2556 Hippocrates
1160 2473 1298 2537 irae
1326 2473 1759 2539 multitudinis
1780 2474 2039 2539 obviam
2062 2474 2285 2559 issent,

267 2580 402 2623 non
449 2580 488 2622 a
532 2559 969 2624 misericordia
1014 2564 1128 2626 aut
1161 2560 1447 2625 humano
1484 2561 1783 2646 consili0,
1828 2562 1942 2627 sed
1984 2583 2065 2626 ne
2103 2583 2285 2645 spem

268 2646 517 2711 reditus
560 2646 1005 2728 praeciderent
1058 2647 1185 2712 sibi
1240 2652 1332 2733 et,
1378 2671 1523 2714 cum
1586 2650 1760 2731 ipsos
1807 2649 1997 2713 simul
2042 2649 2280 2714 milites
2323 2661 2388 2712 12

267 2735 429 2800 fidos
481 2733 797 2799 haberent
850 2734 1043 2800 simul
1101 2735 1385 2820 obsides,
1447 2740 1588 2800 tum
1651 2739 1964 2820 cognatos
2030 2757 2281 2819 quoque
2322 2749 2387 2798 13

268 2844 489 2888 eorum
518 2826 715 2908 atque
744 2823 985 2888 amicos
1013 2826 1196 2888 tanto
1224 2825 1457 2889 merito
1485 2824 1792 2908 primum,
1830 2822 1989 2905 dein⁴
2014 2824 2281 2908 pignore

269 2910 396 2975 sibi
434 2910 865 2976 conciliarent.
939 2912 1340 2996 expertique,
1383 2934 1576 2996 quam
1611 2933 1779 2978 vana
1816 2916 1929 2977 aut
1962 2911 2091 2977 levi
2129 2935 2283 2979 aura
2323 2924 2389 2975 14

267 2997 509 3063 mobile
546 3000 775 3084 volgus
814 3001 1016 3083 esset,
1050 2999 1325 3064 militem
1361 2999 1580 3065 nancti
1617 3022 1695 3065 ex
1731 3022 1807 3066 eo
1841 3022 2108 3066 numero
2117 3052 2136 3087 ,
2172 3003 2283 3087 qui

266 3086 336 3150 in
362 3083 695 3150 Leontinis
724 3086 1127 3153 circumsessi
1161 3091 1371 3171 erant,
1409 3089 1794 3172 subornant,
1830 3092 1905 3154 ut
1932 3087 2281 3172 Syracusas

265 3171 585 3257 perferret
636 3175 934 3240 nuntium
988 3176 1477 3241 convenientem
1532 3177 1651 3262 eis,
1709 3199 1869 3261 quae
1927 3177 2008 3241 ad
2053 3177 2282 3258 Mylan

265 3262 437 3325 falso
466 3261 764 3326 nuntiata
792 3266 1001 3346 erant,
1037 3266 1491 3347 auctoremque
1520 3286 1588 3329 se
1617 3264 1972 3328 exhibendo
2003 3284 2076 3327 ao
2104 3264 2282 3326 velut
2322 3272 2386 3322 15

267 3349 439 3435 visa,
475 3370 638 3434 quae
678 3350 874 3414 dubia
910 3354 1118 3435 erant,
1152 3352 1479 3415 narrando
1518 3352 1872 3415 concitaret
1906 3352 2036 3412 iras
2074 3349 2279 3413 homi-

269 3458 442 3504 num.
530 3437 798 3503 XXXII.
841 3436 1013 3503 Huic
1047 3460 1180 3503 non
1216 3439 1385 3522 apud
1421 3437 1683 3521 volgum
1719 3436 1912 3501 modo
1947 3436 2103 3501 fides
2136 3437 2350 3521 fuifiNl

268 3525 379 3589 sed
414 3530 710 3591 senatum
751 3547 1004 3613 quoque
1031 3526 1101 3591 in
1128 3527 1371 3590 curiam
1397 3525 1797 3589 introductus
1827 3524 2045 3588 movit.
2106 3523 2282 3589 haud

1782 3624 1856 3682 3*
