<?xml version="1.0" encoding="UTF-8"?>
<!DOCTYPE html PUBLIC "-//W3C//DTD XHTML 1.0 Transitional//EN"
    "http://www.w3.org/TR/xhtml1/DTD/xhtml1-transitional.dtd">
<html xmlns="http://www.w3.org/1999/xhtml" xml:lang="en" lang="en">
 <head>
  <title>
</title>
<meta http-equiv="Content-Type" content="text/html;charset=utf-8" />
  <meta name='ocr-system' content='tesseract 3.04.00' />
  <meta name='ocr-capabilities' content='ocr_page ocr_carea ocr_par ocr_line ocrx_word'/>
</head>
<body>
  <div class='ocr_page' id='page_1' title='image "./aburbeconditali16livygoog_0032.png"; bbox 0 0 2654 3913; ppageno 0'>
   <div class='ocr_carea' id='block_1_1' title="bbox 326 172 2050 246">
    <p class='ocr_par' dir='ltr' id='par_1_1' title="bbox 326 172 2050 246">
     <span class='ocr_line' id='line_1_1' title="bbox 326 172 2050 246; baseline 0.004 -23"><span class='ocrx_word' id='word_1_1' title='bbox 326 174 415 235; x_wconf 80' lang='lat'><strong>24</strong></span> <span class='ocrx_word' id='word_1_2' title='bbox 627 172 843 226; x_wconf 83' lang='lat' dir='ltr'><strong>LIBER</strong></span> <span class='ocrx_word' id='word_1_3' title='bbox 877 173 1070 228; x_wconf 71' lang='lat' dir='ltr'><strong>xxiv.</strong></span> <span class='ocrx_word' id='word_1_4' title='bbox 1148 174 1299 231; x_wconf 81' lang='lat' dir='ltr'><strong>CAP.</strong></span> <span class='ocrx_word' id='word_1_5' title='bbox 1339 181 1423 228; x_wconf 61' lang='grc' dir='ltr'><strong>ει.</strong></span> <span class='ocrx_word' id='word_1_6' title='bbox 1464 181 1547 228; x_wconf 82' lang='lat'><strong>22.</strong></span> <span class='ocrx_word' id='word_1_7' title='bbox 1622 174 1694 244; x_wconf 80' lang='lat' dir='ltr'><strong>[a.</strong></span> <span class='ocrx_word' id='word_1_8' title='bbox 1733 173 1799 227; x_wconf 86' lang='lat' dir='ltr'><strong>U.</strong></span> <span class='ocrx_word' id='word_1_9' title='bbox 1838 191 1881 228; x_wconf 83' lang='lat'><strong>0.</strong></span> <span class='ocrx_word' id='word_1_10' title='bbox 1924 176 2050 246; x_wconf 87' lang='lat'>540]</span> 
     </span>
    </p>
   </div>
   <div class='ocr_carea' id='block_1_2' title="bbox 252 315 2422 1119">
    <p class='ocr_par' dir='ltr' id='par_1_2' title="bbox 252 315 2422 1103">
     <span class='ocr_line' id='line_1_2' title="bbox 326 315 2344 400; baseline 0.002 -22"><span class='ocrx_word' id='word_1_11' title='bbox 326 316 658 378; x_wconf 87' lang='lat' dir='ltr'><strong>mutavere</strong></span> <span class='ocrx_word' id='word_1_12' title='bbox 715 315 995 400; x_wconf 88' lang='lat' dir='ltr'><strong>animos,</strong></span> <span class='ocrx_word' id='word_1_13' title='bbox 1044 320 1114 380; x_wconf 94' lang='lat' dir='ltr'><strong>ut</strong></span> <span class='ocrx_word' id='word_1_14' title='bbox 1156 316 1549 398; x_wconf 89' lang='lat' dir='ltr'><strong>insepultum</strong></span> <span class='ocrx_word' id='word_1_15' title='bbox 1595 316 1805 382; x_wconf 89' lang='lat' dir='ltr'><strong>iacere</strong></span> <span class='ocrx_word' id='word_1_16' title='bbox 1862 338 2092 399; x_wconf 85' lang='lat' dir='ltr'><strong>corpus</strong></span> <span class='ocrx_word' id='word_1_17' title='bbox 2146 319 2344 400; x_wconf 93' lang='lat' dir='ltr'><strong>paulo</strong></span> 
     </span>
     <span class='ocr_line' id='line_1_3' title="bbox 252 401 2344 488; baseline 0.004 -26"><span class='ocrx_word' id='word_1_18' title='bbox 252 413 291 461; x_wconf 84' lang='lat'>4</span> <span class='ocrx_word' id='word_1_19' title='bbox 329 405 477 466; x_wconf 89' lang='lat' dir='ltr'><strong>ante</strong></span> <span class='ocrx_word' id='word_1_20' title='bbox 527 401 874 469; x_wconf 89' lang='lat' dir='ltr'><strong>desiderati</strong></span> <span class='ocrx_word' id='word_1_21' title='bbox 921 405 1091 488; x_wconf 86' lang='lat' dir='ltr'><strong>regis</strong></span> <span class='ocrx_word' id='word_1_22' title='bbox 1145 406 1536 486; x_wconf 88' lang='lat' dir='ltr'><strong>paterentur.</strong></span> <span class='ocrx_word' id='word_1_23' title='bbox 1628 425 1770 467; x_wconf 91' lang='lat' dir='ltr'><strong>cum</strong></span> <span class='ocrx_word' id='word_1_24' title='bbox 1826 404 2022 468; x_wconf 86' lang='lat' dir='ltr'><strong>ceteri</strong></span> <span class='ocrx_word' id='word_1_25' title='bbox 2077 426 2153 468; x_wconf 89' lang='lat' dir='ltr'><strong>ex</strong></span> <span class='ocrx_word' id='word_1_26' title='bbox 2198 427 2344 470; x_wconf 88' lang='lat' dir='ltr'><strong>con-</strong></span> 
     </span>
     <span class='ocr_line' id='line_1_4' title="bbox 327 490 2343 576; baseline 0.001 -21"><span class='ocrx_word' id='word_1_27' title='bbox 327 491 558 555; x_wconf 88' lang='lat' dir='ltr'><strong>iuratis</strong></span> <span class='ocrx_word' id='word_1_28' title='bbox 607 492 687 557; x_wconf 99' lang='lat' dir='ltr'><strong>ad</strong></span> <span class='ocrx_word' id='word_1_29' title='bbox 735 492 1081 557; x_wconf 87' lang='lat' dir='ltr'><strong>exercitum</strong></span> <span class='ocrx_word' id='word_1_30' title='bbox 1124 490 1547 555; x_wconf 91' lang='lat' dir='ltr'><strong>obtinendum</strong></span> <span class='ocrx_word' id='word_1_31' title='bbox 1601 492 2090 576; x_wconf 90' lang='lat' dir='ltr'><strong>remansissent,</strong></span> <span class='ocrx_word' id='word_1_32' title='bbox 2135 491 2343 557; x_wconf 86' lang='lat' dir='ltr'><strong>Theo-</strong></span> 
     </span>
     <span class='ocr_line' id='line_1_5' title="bbox 331 579 2343 663; baseline -0.001 -19"><span class='ocrx_word' id='word_1_33' title='bbox 331 580 523 646; x_wconf 89' lang='lat' dir='ltr'><strong>dotus</strong></span> <span class='ocrx_word' id='word_1_34' title='bbox 571 583 637 644; x_wconf 93' lang='lat' dir='ltr'><strong>et</strong></span> <span class='ocrx_word' id='word_1_35' title='bbox 674 579 853 645; x_wconf 87' lang='lat' dir='ltr'><strong>Sosis</strong></span> <span class='ocrx_word' id='word_1_36' title='bbox 889 579 1084 662; x_wconf 86' lang='lat' dir='ltr'><strong>regiis</strong></span> <span class='ocrx_word' id='word_1_37' title='bbox 1124 579 1303 661; x_wconf 91' lang='lat' dir='ltr'><strong>equis</strong></span> <span class='ocrx_word' id='word_1_38' title='bbox 1354 581 1595 662; x_wconf 85' lang='lat' dir='ltr'><strong>quanto</strong></span> <span class='ocrx_word' id='word_1_39' title='bbox 1643 580 1921 645; x_wconf 87' lang='lat' dir='ltr'><strong>maximo</strong></span> <span class='ocrx_word' id='word_1_40' title='bbox 1968 602 2157 645; x_wconf 91' lang='lat' dir='ltr'><strong>cursu</strong></span> <span class='ocrx_word' id='word_1_41' title='bbox 2201 584 2343 663; x_wconf 90' lang='lat' dir='ltr'><strong>pot-</strong></span> 
     </span>
     <span class='ocr_line' id='line_1_6' title="bbox 331 665 2343 752; baseline -0 -19"><span class='ocrx_word' id='word_1_42' title='bbox 331 672 531 752; x_wconf 89' lang='lat' dir='ltr'><strong>erant,</strong></span> <span class='ocrx_word' id='word_1_43' title='bbox 558 671 632 730; x_wconf 94' lang='lat' dir='ltr'><strong>ut</strong></span> <span class='ocrx_word' id='word_1_44' title='bbox 659 667 921 749; x_wconf 85' lang='lat' dir='ltr'><strong>ignaros</strong></span> <span class='ocrx_word' id='word_1_45' title='bbox 952 665 1238 729; x_wconf 91' lang='lat' dir='ltr'><strong>omnium</strong></span> <span class='ocrx_word' id='word_1_46' title='bbox 1266 668 1483 751; x_wconf 83' lang='lat' dir='ltr'><strong>regios</strong></span> <span class='ocrx_word' id='word_1_47' title='bbox 1513 667 1964 751; x_wconf 74' lang='lat' dir='ltr'><strong>opprimerent,</strong></span> <span class='ocrx_word' id='word_1_48' title='bbox 1993 667 2343 752; x_wconf 80' lang='lat' dir='ltr'><strong>Syracusas</strong></span> 
     </span>
     <span class='ocr_line' id='line_1_7' title="bbox 258 749 2344 854; baseline 0.002 -37"><span class='ocrx_word' id='word_1_49' title='bbox 258 768 292 817; x_wconf 79' lang='lat'>5</span> <span class='ocrx_word' id='word_1_50' title='bbox 330 754 741 854; x_wconf 82' lang='lat' dir='ltr'><strong>contendunt.</strong></span> <span class='ocrx_word' id='word_1_51' title='bbox 808 749 1088 819; x_wconf 80' lang='lat' dir='ltr'><strong>ceterum</strong></span> <span class='ocrx_word' id='word_1_52' title='bbox 1114 776 1466 839; x_wconf 80' lang='lat' dir='ltr'><strong>praevenei</strong></span> <span class='ocrx_word' id='word_1_53' title='bbox 1471 759 1541 820; x_wconf 87' lang='lat' dir='ltr'><strong>at</strong></span> <span class='ocrx_word' id='word_1_54' title='bbox 1573 777 1704 820; x_wconf 90' lang='lat' dir='ltr'><strong>non</strong></span> <span class='ocrx_word' id='word_1_55' title='bbox 1741 757 1915 821; x_wconf 88' lang='lat' dir='ltr'><strong>fama</strong></span> <span class='ocrx_word' id='word_1_56' title='bbox 1951 757 2188 839; x_wconf 90' lang='lat' dir='ltr'><strong>solum,</strong></span> <span class='ocrx_word' id='word_1_57' title='bbox 2217 778 2344 840; x_wconf 88' lang='lat' dir='ltr'><strong>qua</strong></span> 
     </span>
     <span class='ocr_line' id='line_1_8' title="bbox 325 840 2341 926; baseline 0.001 -20"><span class='ocrx_word' id='word_1_58' title='bbox 325 841 489 906; x_wconf 88' lang='lat' dir='ltr'><strong>nihil</strong></span> <span class='ocrx_word' id='word_1_59' title='bbox 533 841 604 904; x_wconf 90' lang='lat' dir='ltr'><strong>in</strong></span> <span class='ocrx_word' id='word_1_60' title='bbox 648 840 890 905; x_wconf 88' lang='lat' dir='ltr'><strong>talibus</strong></span> <span class='ocrx_word' id='word_1_61' title='bbox 936 841 1126 905; x_wconf 86' lang='lat' dir='ltr'><strong>rebus</strong></span> <span class='ocrx_word' id='word_1_62' title='bbox 1176 846 1276 906; x_wconf 90' lang='lat' dir='ltr'><strong>est</strong></span> <span class='ocrx_word' id='word_1_63' title='bbox 1321 844 1617 926; x_wconf 78' lang='lat' dir='ltr'><strong>celeriuS,</strong></span> <span class='ocrx_word' id='word_1_64' title='bbox 1678 844 1789 908; x_wconf 89' lang='lat' dir='ltr'><strong>sed</strong></span> <span class='ocrx_word' id='word_1_65' title='bbox 1833 845 2099 909; x_wconf 90' lang='lat' dir='ltr'><strong>nuntius</strong></span> <span class='ocrx_word' id='word_1_66' title='bbox 2147 845 2341 910; x_wconf 88' lang='lat' dir='ltr'><strong>etiam</strong></span> 
     </span>
     <span class='ocr_line' id='line_1_9' title="bbox 255 927 2345 1014; baseline 0.003 -24"><span class='ocrx_word' id='word_1_67' title='bbox 255 943 289 990; x_wconf 84' lang='grc'><strong>6</strong></span> <span class='ocrx_word' id='word_1_68' title='bbox 328 950 406 993; x_wconf 84' lang='lat' dir='ltr'><strong>ex</strong></span> <span class='ocrx_word' id='word_1_69' title='bbox 459 927 658 1013; x_wconf 85' lang='lat' dir='ltr'><strong>regiis</strong></span> <span class='ocrx_word' id='word_1_70' title='bbox 715 930 936 1003; x_wconf 63' lang='lat' dir='ltr'><strong>servis.</strong></span> <span class='ocrx_word' id='word_1_71' title='bbox 1024 929 1244 1014; x_wconf 88' lang='lat' dir='ltr'><strong>itaque</strong></span> <span class='ocrx_word' id='word_1_72' title='bbox 1298 929 1761 996; x_wconf 80' lang='lat' dir='ltr'><strong>Adranodorus</strong></span> <span class='ocrx_word' id='word_1_73' title='bbox 1818 937 1884 1008; x_wconf 86' lang='lat' dir='ltr'><strong>et</strong></span> <span class='ocrx_word' id='word_1_74' title='bbox 1935 933 2223 998; x_wconf 87' lang='lat' dir='ltr'><strong>Insulam</strong></span> <span class='ocrx_word' id='word_1_75' title='bbox 2280 938 2345 997; x_wconf 88' lang='lat' dir='ltr'><strong>et</strong></span> 
     </span>
     <span class='ocr_line' id='line_1_10' title="bbox 327 1016 2422 1119; baseline 0.002 -38"><span class='ocrx_word' id='word_1_76' title='bbox 327 1037 538 1081; x_wconf 88' lang='lat' dir='ltr'><strong>arcem</strong></span> <span class='ocrx_word' id='word_1_77' title='bbox 587 1020 653 1080; x_wconf 87' lang='lat' dir='ltr'><strong>et</strong></span> <span class='ocrx_word' id='word_1_78' title='bbox 698 1016 854 1100; x_wconf 89' lang='lat' dir='ltr'><strong>alia,</strong></span> <span class='ocrx_word' id='word_1_79' title='bbox 901 1038 1065 1100; x_wconf 90' lang='lat' dir='ltr'><strong>quae</strong></span> <span class='ocrx_word' id='word_1_80' title='bbox 1110 1022 1371 1100; x_wconf 88' lang='lat' dir='ltr'><strong>poterat</strong></span> <span class='ocrx_word' id='word_1_81' title='bbox 1417 1041 1703 1103; x_wconf 87' lang='lat' dir='ltr'><strong>quaeque</strong></span> <span class='ocrx_word' id='word_1_82' title='bbox 1741 1023 2109 1103; x_wconf 90' lang='lat' dir='ltr'><strong>opportuna</strong></span> <span class='ocrx_word' id='word_1_83' title='bbox 2143 1025 2345 1119; x_wconf 86' lang='lat' dir='ltr'><strong>erant,</strong></span> <span class='ocrx_word' id='word_1_84' title='bbox 2327 1071 2422 1104; x_wconf 38' lang='grc' dir='ltr'><strong>,Λ</strong></span> 
     </span>
    </p>
   </div>
   <div class='ocr_carea' id='block_1_3' title="bbox 258 1090 2370 1191">
    <p class='ocr_par' dir='ltr' id='par_1_3' title="bbox 258 1090 2452 1191">
     <span class='ocr_line' id='line_1_11' title="bbox 258 1090 2370 1191; baseline -0.027 -24"><span class='ocrx_word' id='word_1_85' title='bbox 258 1118 289 1166; x_wconf 85' lang='grc'><strong>’1</strong></span> <span class='ocrx_word' id='word_1_86' title='bbox 327 1104 664 1189; x_wconf 78' lang='lat' dir='ltr'><strong>praesidiis</strong></span> <span class='ocrx_word' id='word_1_87' title='bbox 700 1104 1015 1169; x_wconf 86' lang='lat' dir='ltr'><strong>firmarat.</strong></span> <span class='ocrx_word' id='word_1_88' title='bbox 1081 1105 1421 1190; x_wconf 85' lang='lat' dir='ltr'><strong>Hexapylo</strong></span> <span class='ocrx_word' id='word_1_89' title='bbox 1461 1106 1833 1171; x_wconf 85' lang='lat' dir='ltr'><strong>Theodotus</strong></span> <span class='ocrx_word' id='word_1_90' title='bbox 1873 1129 1947 1172; x_wconf 91' lang='lat' dir='ltr'><strong>ac</strong></span> <span class='ocrx_word' id='word_1_91' title='bbox 1977 1107 2154 1172; x_wconf 87' lang='lat' dir='ltr'><strong>Sosis</strong></span> <span class='ocrx_word' id='word_1_92' title='bbox 2192 1090 2370 1191; x_wconf 53' lang='lat' dir='ltr'><strong>poss</strong></span> 
     </span>
    </p>
   </div>
   <div class='ocr_carea' id='block_1_4' title="bbox 228 1194 2402 3567">
    <p class='ocr_par' dir='ltr' id='par_1_4' title="bbox 228 1194 2402 3567">
     <span class='ocr_line' id='line_1_12' title="bbox 328 1194 2343 1260; baseline 0.001 -2"><span class='ocrx_word' id='word_1_93' title='bbox 328 1194 484 1258; x_wconf 86' lang='lat' dir='ltr'><strong>solis</strong></span> <span class='ocrx_word' id='word_1_94' title='bbox 534 1215 833 1258; x_wconf 91' lang='lat' dir='ltr'><strong>occasum</strong></span> <span class='ocrx_word' id='word_1_95' title='bbox 878 1194 1010 1257; x_wconf 87' lang='lat' dir='ltr'><strong>iam</strong></span> <span class='ocrx_word' id='word_1_96' title='bbox 1056 1194 1331 1259; x_wconf 85' lang='lat' dir='ltr'><strong>obscura</strong></span> <span class='ocrx_word' id='word_1_97' title='bbox 1376 1196 1517 1259; x_wconf 90' lang='lat' dir='ltr'><strong>luce</strong></span> <span class='ocrx_word' id='word_1_98' title='bbox 1554 1195 1792 1258; x_wconf 86' lang='lat' dir='ltr'><strong>invecti</strong></span> <span class='ocrx_word' id='word_1_99' title='bbox 1829 1216 1975 1260; x_wconf 90' lang='lat' dir='ltr'><strong>cum</strong></span> <span class='ocrx_word' id='word_1_100' title='bbox 2015 1200 2343 1260; x_wconf 75' lang='lat' dir='ltr'><strong>cruentam</strong></span> 
     </span>
     <span class='ocr_line' id='line_1_13' title="bbox 325 1281 2345 1368; baseline 0.001 -23"><span class='ocrx_word' id='word_1_101' title='bbox 325 1281 575 1364; x_wconf 89' lang='lat' dir='ltr'><strong>regiam</strong></span> <span class='ocrx_word' id='word_1_102' title='bbox 620 1285 868 1345; x_wconf 85' lang='lat' dir='ltr'><strong>vestem</strong></span> <span class='ocrx_word' id='word_1_103' title='bbox 915 1285 1108 1366; x_wconf 89' lang='lat' dir='ltr'><strong>atque</strong></span> <span class='ocrx_word' id='word_1_104' title='bbox 1152 1283 1408 1367; x_wconf 82' lang='lat' dir='ltr'><strong>insigne</strong></span> <span class='ocrx_word' id='word_1_105' title='bbox 1455 1282 1689 1365; x_wconf 88' lang='lat' dir='ltr'><strong>capitis</strong></span> <span class='ocrx_word' id='word_1_106' title='bbox 1741 1286 2170 1368; x_wconf 77' lang='lat' dir='ltr'><strong>ostentarent,</strong></span> <span class='ocrx_word' id='word_1_107' title='bbox 2216 1288 2345 1349; x_wconf 90' lang='lat' dir='ltr'><strong>tra-</strong></span> 
     </span>
     <span class='ocr_line' id='line_1_14' title="bbox 325 1368 2345 1454; baseline 0 -19"><span class='ocrx_word' id='word_1_108' title='bbox 325 1369 493 1435; x_wconf 83' lang='lat' dir='ltr'><strong>vecti</strong></span> <span class='ocrx_word' id='word_1_109' title='bbox 540 1390 653 1453; x_wconf 90' lang='lat' dir='ltr'><strong>per</strong></span> <span class='ocrx_word' id='word_1_110' title='bbox 690 1368 1006 1454; x_wconf 83' lang='lat' dir='ltr'><strong>Tycham,</strong></span> <span class='ocrx_word' id='word_1_111' title='bbox 1054 1371 1245 1435; x_wconf 88' lang='lat' dir='ltr'><strong>simul</strong></span> <span class='ocrx_word' id='word_1_112' title='bbox 1286 1371 1368 1435; x_wconf 92' lang='lat' dir='ltr'><strong>ad</strong></span> <span class='ocrx_word' id='word_1_113' title='bbox 1403 1371 1777 1436; x_wconf 90' lang='lat' dir='ltr'><strong>libertatem</strong></span> <span class='ocrx_word' id='word_1_114' title='bbox 1814 1372 2006 1437; x_wconf 88' lang='lat' dir='ltr'><strong>simul</strong></span> <span class='ocrx_word' id='word_1_115' title='bbox 2045 1371 2127 1436; x_wconf 90' lang='lat' dir='ltr'><strong>ad</strong></span> <span class='ocrx_word' id='word_1_116' title='bbox 2161 1394 2345 1437; x_wconf 89' lang='lat' dir='ltr'><strong>arma</strong></span> 
     </span>
     <span class='ocr_line' id='line_1_15' title="bbox 256 1456 2344 1527; baseline 0.002 -6"><span class='ocrx_word' id='word_1_117' title='bbox 256 1472 291 1521; x_wconf 89' lang='lat'>8</span> <span class='ocrx_word' id='word_1_118' title='bbox 327 1462 632 1525; x_wconf 76' lang='lat' dir='ltr'><strong>vocantes</strong></span> <span class='ocrx_word' id='word_1_119' title='bbox 675 1456 747 1520; x_wconf 88' lang='lat' dir='ltr'><strong>in</strong></span> <span class='ocrx_word' id='word_1_120' title='bbox 793 1458 1229 1523; x_wconf 85' lang='lat' dir='ltr'><strong>Achradinam</strong></span> <span class='ocrx_word' id='word_1_121' title='bbox 1276 1459 1615 1525; x_wconf 86' lang='lat' dir='ltr'><strong>convenire</strong></span> <span class='ocrx_word' id='word_1_122' title='bbox 1660 1459 1906 1527; x_wconf 89' lang='lat' dir='ltr'><strong>iubent.</strong></span> <span class='ocrx_word' id='word_1_123' title='bbox 1995 1460 2344 1525; x_wconf 90' lang='lat' dir='ltr'><strong>multitudo</strong></span> 
     </span>
     <span class='ocr_line' id='line_1_16' title="bbox 327 1545 2346 1632; baseline 0 -20"><span class='ocrx_word' id='word_1_124' title='bbox 327 1569 491 1632; x_wconf 88' lang='lat' dir='ltr'><strong>pars</strong></span> <span class='ocrx_word' id='word_1_125' title='bbox 524 1545 848 1629; x_wconf 75' lang='lat' dir='ltr'><strong>procurrit</strong></span> <span class='ocrx_word' id='word_1_126' title='bbox 892 1547 960 1610; x_wconf 91' lang='lat' dir='ltr'><strong>in</strong></span> <span class='ocrx_word' id='word_1_127' title='bbox 995 1548 1162 1630; x_wconf 83' lang='lat' dir='ltr'><strong>vias,</strong></span> <span class='ocrx_word' id='word_1_128' title='bbox 1207 1570 1358 1631; x_wconf 88' lang='lat' dir='ltr'><strong>pars</strong></span> <span class='ocrx_word' id='word_1_129' title='bbox 1394 1549 1461 1612; x_wconf 92' lang='lat' dir='ltr'><strong>in</strong></span> <span class='ocrx_word' id='word_1_130' title='bbox 1499 1547 1838 1612; x_wconf 86' lang='lat' dir='ltr'><strong>vestibulis</strong></span> <span class='ocrx_word' id='word_1_131' title='bbox 1878 1552 2045 1632; x_wconf 90' lang='lat' dir='ltr'><strong>stat,</strong></span> <span class='ocrx_word' id='word_1_132' title='bbox 2082 1571 2230 1631; x_wconf 89' lang='lat' dir='ltr'><strong>pars</strong></span> <span class='ocrx_word' id='word_1_133' title='bbox 2270 1570 2346 1613; x_wconf 85' lang='lat' dir='ltr'><strong>ex</strong></span> 
     </span>
     <span class='ocr_line' id='line_1_17' title="bbox 326 1630 2345 1718; baseline -0 -18"><span class='ocrx_word' id='word_1_134' title='bbox 326 1636 516 1700; x_wconf 87' lang='lat' dir='ltr'><strong>tectis</strong></span> <span class='ocrx_word' id='word_1_135' title='bbox 554 1633 981 1717; x_wconf 88' lang='lat' dir='ltr'><strong>fenestrisque</strong></span> <span class='ocrx_word' id='word_1_136' title='bbox 1016 1638 1443 1718; x_wconf 86' lang='lat' dir='ltr'><strong>prospectant</strong></span> <span class='ocrx_word' id='word_1_137' title='bbox 1472 1639 1561 1717; x_wconf 91' lang='lat' dir='ltr'><strong>et,</strong></span> <span class='ocrx_word' id='word_1_138' title='bbox 1591 1630 1867 1718; x_wconf 61' lang='lat' dir='ltr'><strong>qi&#39;i&#39;iffrei</strong></span> <span class='ocrx_word' id='word_1_139' title='bbox 1897 1637 2011 1718; x_wconf 91' lang='lat' dir='ltr'><strong>sit,</strong></span> <span class='ocrx_word' id='word_1_140' title='bbox 2039 1638 2345 1718; x_wconf 86' lang='lat' dir='ltr'><strong>rogitant.</strong></span> 
     </span>
     <span class='ocr_line' id='line_1_18' title="bbox 257 1685 2402 1804; baseline -0.001 -18"><span class='ocrx_word' id='word_1_141' title='bbox 257 1737 290 1786; x_wconf 84' lang='lat'>9</span> <span class='ocrx_word' id='word_1_142' title='bbox 329 1723 549 1788; x_wconf 88' lang='lat' dir='ltr'><strong>omnia</strong></span> <span class='ocrx_word' id='word_1_143' title='bbox 594 1720 948 1785; x_wconf 88' lang='lat' dir='ltr'><strong>luminibus</strong></span> <span class='ocrx_word' id='word_1_144' title='bbox 985 1722 1327 1786; x_wconf 90' lang='lat' dir='ltr'><strong>conlucent</strong></span> <span class='ocrx_word' id='word_1_145' title='bbox 1369 1685 1770 1803; x_wconf 88' lang='lat' dir='ltr'><strong>strepituque</strong></span> <span class='ocrx_word' id='word_1_146' title='bbox 1814 1722 1996 1786; x_wconf 86' lang='lat' dir='ltr'><strong>vario</strong></span> <span class='ocrx_word' id='word_1_147' title='bbox 2044 1723 2346 1804; x_wconf 87' lang='lat' dir='ltr'><strong>conplen-</strong></span> <span class='ocrx_word' id='word_1_148' title='bbox 2389 1720 2402 1735; x_wconf 77' lang='grc'><strong>“</strong></span> 
     </span>
     <span class='ocr_line' id='line_1_19' title="bbox 326 1809 2346 1893; baseline -0.001 -17"><span class='ocrx_word' id='word_1_149' title='bbox 326 1814 450 1875; x_wconf 88' lang='lat' dir='ltr'><strong>tur.</strong></span> <span class='ocrx_word' id='word_1_150' title='bbox 524 1809 761 1876; x_wconf 87' lang='lat' dir='ltr'><strong>armati</strong></span> <span class='ocrx_word' id='word_1_151' title='bbox 800 1809 961 1873; x_wconf 89' lang='lat' dir='ltr'><strong>locis</strong></span> <span class='ocrx_word' id='word_1_152' title='bbox 996 1809 1369 1891; x_wconf 87' lang='lat' dir='ltr'><strong>patentibus</strong></span> <span class='ocrx_word' id='word_1_153' title='bbox 1406 1813 1909 1893; x_wconf 83' lang='lat' dir='ltr'><strong>congregantur3</strong></span> <span class='ocrx_word' id='word_1_154' title='bbox 1954 1810 2229 1873; x_wconf 87' lang='lat' dir='ltr'><strong>inermes</strong></span> <span class='ocrx_word' id='word_1_155' title='bbox 2268 1831 2346 1873; x_wconf 89' lang='lat' dir='ltr'><strong>ex</strong></span> 
     </span>
     <span class='ocr_line' id='line_1_20' title="bbox 328 1895 2347 1989; baseline -0.002 -23"><span class='ocrx_word' id='word_1_156' title='bbox 328 1898 616 1989; x_wconf 79' lang='lat' dir='ltr'><strong>Olympii</strong></span> <span class='ocrx_word' id='word_1_157' title='bbox 660 1897 837 1964; x_wconf 85' lang='lat' dir='ltr'><strong>Iovis</strong></span> <span class='ocrx_word' id='word_1_158' title='bbox 892 1898 1135 1981; x_wconf 88' lang='lat' dir='ltr'><strong>templo</strong></span> <span class='ocrx_word' id='word_1_159' title='bbox 1193 1897 1401 1980; x_wconf 88' lang='lat' dir='ltr'><strong>spolia</strong></span> <span class='ocrx_word' id='word_1_160' title='bbox 1446 1895 1780 1961; x_wconf 82' lang='lat' dir='ltr'><strong>Gallorum</strong></span> <span class='ocrx_word' id='word_1_161' title='bbox 1826 1896 2347 1982; x_wconf 87' lang='lat' dir='ltr'><strong>Illyriorumque,</strong></span> 
     </span>
     <span class='ocr_line' id='line_1_21' title="bbox 329 1982 2345 2070; baseline -0.001 -17"><span class='ocrx_word' id='word_1_162' title='bbox 329 1982 525 2059; x_wconf 67' lang='grc' dir='ltr'>(1011σέ</span> <span class='ocrx_word' id='word_1_163' title='bbox 548 1988 700 2053; x_wconf 89' lang='lat' dir='ltr'><strong>data</strong></span> <span class='ocrx_word' id='word_1_164' title='bbox 747 1986 1016 2052; x_wconf 90' lang='lat' dir='ltr'><strong>Hieroni</strong></span> <span class='ocrx_word' id='word_1_165' title='bbox 1073 2008 1112 2050; x_wconf 89' lang='lat' dir='ltr'><strong>a</strong></span> <span class='ocrx_word' id='word_1_166' title='bbox 1163 1986 1405 2069; x_wconf 90' lang='lat' dir='ltr'><strong>populo</strong></span> <span class='ocrx_word' id='word_1_167' title='bbox 1451 1984 1745 2050; x_wconf 89' lang='lat' dir='ltr'><strong>Romano</strong></span> <span class='ocrx_word' id='word_1_168' title='bbox 1801 1986 2055 2069; x_wconf 84' lang='lat' dir='ltr'><strong>fixaque</strong></span> <span class='ocrx_word' id='word_1_169' title='bbox 2112 1986 2193 2050; x_wconf 89' lang='lat' dir='ltr'><strong>ab</strong></span> <span class='ocrx_word' id='word_1_170' title='bbox 2252 2008 2345 2070; x_wconf 89' lang='lat' dir='ltr'><strong>e0,</strong></span> 
     </span>
     <span class='ocr_line' id='line_1_22' title="bbox 228 2073 2344 2160; baseline -0.002 -17"><span class='ocrx_word' id='word_1_171' title='bbox 228 2093 293 2142; x_wconf 87' lang='lat'><strong>10</strong></span> <span class='ocrx_word' id='word_1_172' title='bbox 331 2077 681 2143; x_wconf 85' lang='lat' dir='ltr'><strong>detrahunt</strong></span> <span class='ocrx_word' id='word_1_173' title='bbox 725 2079 1058 2160; x_wconf 87' lang='lat' dir='ltr'><strong>precantes</strong></span> <span class='ocrx_word' id='word_1_174' title='bbox 1103 2073 1350 2156; x_wconf 87' lang='lat' dir='ltr'><strong>Iovem,</strong></span> <span class='ocrx_word' id='word_1_175' title='bbox 1404 2077 1478 2138; x_wconf 89' lang='lat' dir='ltr'><strong>ut</strong></span> <span class='ocrx_word' id='word_1_176' title='bbox 1521 2074 1742 2138; x_wconf 87' lang='lat' dir='ltr'><strong>volens</strong></span> <span class='ocrx_word' id='word_1_177' title='bbox 1797 2073 2119 2156; x_wconf 86' lang='lat' dir='ltr'><strong>propitius</strong></span> <span class='ocrx_word' id='word_1_178' title='bbox 2164 2095 2344 2159; x_wconf 89' lang='lat' dir='ltr'><strong>prae-</strong></span> 
     </span>
     <span class='ocr_line' id='line_1_23' title="bbox 330 2161 2345 2246; baseline -0.003 -14"><span class='ocrx_word' id='word_1_179' title='bbox 330 2168 485 2232; x_wconf 89' lang='lat' dir='ltr'><strong>beat</strong></span> <span class='ocrx_word' id='word_1_180' title='bbox 530 2178 714 2231; x_wconf 86' lang='lat' dir='ltr'><strong>sacra</strong></span> <span class='ocrx_word' id='word_1_181' title='bbox 760 2185 940 2229; x_wconf 88' lang='lat' dir='ltr'><strong>arma</strong></span> <span class='ocrx_word' id='word_1_182' title='bbox 982 2184 1100 2245; x_wconf 93' lang='lat' dir='ltr'><strong>pro</strong></span> <span class='ocrx_word' id='word_1_183' title='bbox 1155 2162 1395 2245; x_wconf 87' lang='lat' dir='ltr'><strong>patria,</strong></span> <span class='ocrx_word' id='word_1_184' title='bbox 1447 2183 1566 2245; x_wconf 90' lang='lat' dir='ltr'><strong>pro</strong></span> <span class='ocrx_word' id='word_1_185' title='bbox 1623 2161 1812 2226; x_wconf 91' lang='lat' dir='ltr'><strong>deum</strong></span> <span class='ocrx_word' id='word_1_186' title='bbox 1868 2161 2175 2245; x_wconf 88' lang='lat' dir='ltr'><strong>delubris,</strong></span> <span class='ocrx_word' id='word_1_187' title='bbox 2227 2183 2345 2246; x_wconf 93' lang='lat' dir='ltr'><strong>pro</strong></span> 
     </span>
     <span class='ocr_line' id='line_1_24' title="bbox 228 2249 2344 2333; baseline -0.002 -16"><span class='ocrx_word' id='word_1_188' title='bbox 228 2268 290 2331; x_wconf 59' lang='lat'><strong>11,</strong></span> <span class='ocrx_word' id='word_1_189' title='bbox 330 2254 632 2318; x_wconf 86' lang='lat' dir='ltr'><strong>libertate</strong></span> <span class='ocrx_word' id='word_1_190' title='bbox 678 2273 818 2316; x_wconf 89' lang='lat' dir='ltr'><strong>sese</strong></span> <span class='ocrx_word' id='word_1_191' title='bbox 857 2249 1274 2316; x_wconf 89' lang='lat' dir='ltr'><strong>armantibus.</strong></span> <span class='ocrx_word' id='word_1_192' title='bbox 1344 2250 1503 2314; x_wconf 90' lang='lat' dir='ltr'><strong>haec</strong></span> <span class='ocrx_word' id='word_1_193' title='bbox 1540 2270 1795 2333; x_wconf 84' lang='lat' dir='ltr'><strong>quoque</strong></span> <span class='ocrx_word' id='word_1_194' title='bbox 1831 2249 2176 2314; x_wconf 90' lang='lat' dir='ltr'><strong>multitudo</strong></span> <span class='ocrx_word' id='word_1_195' title='bbox 2215 2252 2344 2314; x_wconf 87' lang='lat' dir='ltr'><strong>sta·</strong></span> 
     </span>
     <span class='ocr_line' id='line_1_25' title="bbox 328 2336 2346 2421; baseline -0.001 -18"><span class='ocrx_word' id='word_1_196' title='bbox 328 2341 614 2405; x_wconf 90' lang='lat' dir='ltr'><strong>tionibus</strong></span> <span class='ocrx_word' id='word_1_197' title='bbox 668 2359 786 2420; x_wconf 91' lang='lat' dir='ltr'><strong>per</strong></span> <span class='ocrx_word' id='word_1_198' title='bbox 842 2336 1166 2419; x_wconf 87' lang='lat' dir='ltr'><strong>principes</strong></span> <span class='ocrx_word' id='word_1_199' title='bbox 1223 2338 1563 2421; x_wconf 86' lang='lat' dir='ltr'><strong>regionum</strong></span> <span class='ocrx_word' id='word_1_200' title='bbox 1622 2337 1800 2401; x_wconf 88' lang='lat' dir='ltr'><strong>urbis</strong></span> <span class='ocrx_word' id='word_1_201' title='bbox 1856 2337 2186 2419; x_wconf 87' lang='lat' dir='ltr'><strong>dispositis</strong></span> <span class='ocrx_word' id='word_1_202' title='bbox 2242 2336 2346 2401; x_wconf 92' lang='lat' dir='ltr'><strong>ad·</strong></span> 
     </span>
     <span class='ocr_line' id='line_1_26' title="bbox 329 2423 2345 2513; baseline -0.001 -23"><span class='ocrx_word' id='word_1_203' title='bbox 329 2427 638 2513; x_wconf 86' lang='lat' dir='ltr'><strong>iungitur.</strong></span> <span class='ocrx_word' id='word_1_204' title='bbox 697 2426 765 2488; x_wconf 91' lang='lat' dir='ltr'><strong>in</strong></span> <span class='ocrx_word' id='word_1_205' title='bbox 798 2425 1020 2489; x_wconf 89' lang='lat' dir='ltr'><strong>Insula</strong></span> <span class='ocrx_word' id='word_1_206' title='bbox 1055 2426 1225 2489; x_wconf 88' lang='lat' dir='ltr'><strong>inter</strong></span> <span class='ocrx_word' id='word_1_207' title='bbox 1262 2429 1478 2490; x_wconf 88' lang='lat' dir='ltr'><strong>cetera</strong></span> <span class='ocrx_word' id='word_1_208' title='bbox 1514 2423 1972 2489; x_wconf 87' lang='lat' dir='ltr'><strong>Adranodorus</strong></span> <span class='ocrx_word' id='word_1_209' title='bbox 2009 2424 2345 2509; x_wconf 88' lang='lat' dir='ltr'><strong>praesidiis</strong></span> 
     </span>
     <span class='ocr_line' id='line_1_27' title="bbox 229 2511 2345 2597; baseline -0.002 -17"><span class='ocrx_word' id='word_1_210' title='bbox 229 2531 292 2581; x_wconf 83' lang='lat'><strong>12</strong></span> <span class='ocrx_word' id='word_1_211' title='bbox 329 2515 627 2578; x_wconf 89' lang='lat' dir='ltr'><strong>firmarat</strong></span> <span class='ocrx_word' id='word_1_212' title='bbox 668 2511 905 2577; x_wconf 89' lang='lat' dir='ltr'><strong>horrea</strong></span> <span class='ocrx_word' id='word_1_213' title='bbox 947 2513 1237 2597; x_wconf 83' lang='lat' dir='ltr'><strong>publica3</strong></span> <span class='ocrx_word' id='word_1_214' title='bbox 1291 2513 1474 2578; x_wconf 89' lang='lat' dir='ltr'><strong>Iocus</strong></span> <span class='ocrx_word' id='word_1_215' title='bbox 1522 2534 1676 2579; x_wconf 85' lang='lat' dir='ltr'><strong>saxo</strong></span> <span class='ocrx_word' id='word_1_216' title='bbox 1766 2512 2038 2578; x_wconf 86' lang='lat' dir='ltr'><strong>uadrato</strong></span> <span class='ocrx_word' id='word_1_217' title='bbox 2084 2516 2345 2597; x_wconf 88' lang='lat' dir='ltr'><strong>saeptus</strong></span> 
     </span>
     <span class='ocr_line' id='line_1_28' title="bbox 331 2600 2346 2686; baseline -0.002 -19"><span class='ocrx_word' id='word_1_218' title='bbox 331 2605 523 2686; x_wconf 89' lang='lat' dir='ltr'><strong>atque</strong></span> <span class='ocrx_word' id='word_1_219' title='bbox 570 2600 735 2666; x_wconf 88' lang='lat' dir='ltr'><strong>arcis</strong></span> <span class='ocrx_word' id='word_1_220' title='bbox 781 2602 851 2665; x_wconf 91' lang='lat' dir='ltr'><strong>in</strong></span> <span class='ocrx_word' id='word_1_221' title='bbox 897 2600 1159 2666; x_wconf 90' lang='lat' dir='ltr'><strong>modum</strong></span> <span class='ocrx_word' id='word_1_222' title='bbox 1197 2602 1520 2666; x_wconf 90' lang='lat' dir='ltr'><strong>emunitus</strong></span> <span class='ocrx_word' id='word_1_223' title='bbox 1566 2601 1706 2685; x_wconf 77' lang='lat' dir='ltr'><strong>capl</strong></span> <span class='ocrx_word' id='word_1_224' title='bbox 1739 2624 1815 2666; x_wconf 89' lang='lat' dir='ltr'><strong>ur</strong></span> <span class='ocrx_word' id='word_1_225' title='bbox 1862 2623 1899 2665; x_wconf 99' lang='lat' dir='ltr'><strong>a</strong></span> <span class='ocrx_word' id='word_1_226' title='bbox 1990 2601 2346 2682; x_wconf 82' lang='lat' dir='ltr'><strong>iuventute,</strong></span> 
     </span>
     <span class='ocr_line' id='line_1_29' title="bbox 333 2688 2345 2776; baseline -0.002 -21"><span class='ocrx_word' id='word_1_227' title='bbox 333 2711 496 2776; x_wconf 91' lang='lat' dir='ltr'><strong>quae</strong></span> <span class='ocrx_word' id='word_1_228' title='bbox 560 2689 881 2775; x_wconf 88' lang='lat' dir='ltr'><strong>praesidio</strong></span> <span class='ocrx_word' id='word_1_229' title='bbox 950 2690 1087 2754; x_wconf 89' lang='lat' dir='ltr'><strong>eius</strong></span> <span class='ocrx_word' id='word_1_230' title='bbox 1148 2690 1275 2755; x_wconf 93' lang='lat' dir='ltr'><strong>Ioci</strong></span> <span class='ocrx_word' id='word_1_231' title='bbox 1341 2690 1665 2755; x_wconf 89' lang='lat' dir='ltr'><strong>adtributa</strong></span> <span class='ocrx_word' id='word_1_232' title='bbox 1723 2693 1888 2772; x_wconf 89' lang='lat' dir='ltr'><strong>erat,</strong></span> <span class='ocrx_word' id='word_1_233' title='bbox 1951 2688 2345 2771; x_wconf 86' lang='lat' dir='ltr'><strong>mittuntque</strong></span> 
     </span>
     <span class='ocr_line' id='line_1_30' title="bbox 329 2776 2346 2860; baseline -0.002 -16"><span class='ocrx_word' id='word_1_234' title='bbox 329 2778 595 2844; x_wconf 90' lang='lat' dir='ltr'><strong>nuntios</strong></span> <span class='ocrx_word' id='word_1_235' title='bbox 623 2778 693 2842; x_wconf 90' lang='lat' dir='ltr'><strong>in</strong></span> <span class='ocrx_word' id='word_1_236' title='bbox 711 2778 1150 2842; x_wconf 89' lang='lat' dir='ltr'><strong>Achradinam</strong></span> <span class='ocrx_word' id='word_1_237' title='bbox 1176 2778 1409 2843; x_wconf 89' lang='lat' dir='ltr'><strong>horrea</strong></span> <span class='ocrx_word' id='word_1_238' title='bbox 1435 2778 1958 2860; x_wconf 90' lang='lat' dir='ltr'><strong>frumentumque</strong></span> <span class='ocrx_word' id='word_1_239' title='bbox 1984 2776 2056 2839; x_wconf 88' lang='lat' dir='ltr'><strong>in</strong></span> <span class='ocrx_word' id='word_1_240' title='bbox 2084 2778 2346 2841; x_wconf 85' lang='lat' dir='ltr'><strong>senatus</strong></span> 
     </span>
     <span class='ocr_line' id='line_1_31' title="bbox 328 2869 862 2952; baseline 0.002 -21"><span class='ocrx_word' id='word_1_241' title='bbox 328 2869 655 2952; x_wconf 87' lang='lat' dir='ltr'><strong>potestate</strong></span> <span class='ocrx_word' id='word_1_242' title='bbox 703 2886 862 2932; x_wconf 87' lang='lat' dir='ltr'><strong>esse.</strong></span> 
     </span>
     <span class='ocr_line' id='line_1_32' title="bbox 262 2952 2346 3053; baseline -0.001 -34"><span class='ocrx_word' id='word_1_243' title='bbox 262 2963 290 3011; x_wconf 92' lang='lat'><strong>1</strong></span> <span class='ocrx_word' id='word_1_244' title='bbox 320 2999 415 3026; x_wconf 46' lang='lat' dir='ltr'><strong>..a</strong></span> <span class='ocrx_word' id='word_1_245' title='bbox 505 2952 710 3019; x_wconf 90' lang='lat' dir='ltr'><strong>XXII.</strong></span> <span class='ocrx_word' id='word_1_246' title='bbox 745 2952 915 3018; x_wconf 88' lang='lat' dir='ltr'><strong>Luce</strong></span> <span class='ocrx_word' id='word_1_247' title='bbox 942 2954 1153 3035; x_wconf 89' lang='lat' dir='ltr'><strong>prima</strong></span> <span class='ocrx_word' id='word_1_248' title='bbox 1178 2954 1461 3037; x_wconf 90' lang='lat' dir='ltr'><strong>populus</strong></span> <span class='ocrx_word' id='word_1_249' title='bbox 1486 2954 1713 3037; x_wconf 89' lang='lat' dir='ltr'><strong>omnis,</strong></span> <span class='ocrx_word' id='word_1_250' title='bbox 1738 2955 2026 3053; x_wconf 77' lang='lat' dir='ltr'><strong>armatus</strong></span> <span class='ocrx_word' id='word_1_251' title='bbox 2055 2952 2346 3016; x_wconf 81' lang='lat' dir='ltr'><strong>inermis·</strong></span> 
     </span>
     <span class='ocr_line' id='line_1_33' title="bbox 333 3038 2350 3213; baseline -0.003 -16"><span class='ocrx_word' id='word_1_252' title='bbox 333 3064 590 3198; x_wconf 48' lang='lat' dir='ltr'><strong>335&amp;ssss</strong></span> <span class='ocrx_word' id='word_1_253' title='bbox 623 3038 2350 3213; x_wconf 46' lang='grc' dir='ltr'><strong>ἓὲἒῖἃέἐὲἓωίίἓξῖἶίἓῗοἓέἶῖἒῗῖζχὼέἕέἑρῖἔὲε</strong></span> 
     </span>
     <span class='ocr_line' id='line_1_34' title="bbox 300 3215 2351 3302; baseline -0.004 -17"><span class='ocrx_word' id='word_1_254' title='bbox 300 3242 497 3302; x_wconf 48' lang='grc' dir='ltr'><strong>ιιιῐιιιε</strong></span> <span class='ocrx_word' id='word_1_255' title='bbox 534 3218 793 3284; x_wconf 92' lang='lat' dir='ltr'><strong>nomine</strong></span> <span class='ocrx_word' id='word_1_256' title='bbox 820 3216 1188 3301; x_wconf 88' lang='lat' dir='ltr'><strong>Polyaenus</strong></span> <span class='ocrx_word' id='word_1_257' title='bbox 1229 3217 1593 3282; x_wconf 91' lang='lat' dir='ltr'><strong>contionem</strong></span> <span class='ocrx_word' id='word_1_258' title='bbox 1632 3221 1697 3280; x_wconf 91' lang='lat' dir='ltr'><strong>et</strong></span> <span class='ocrx_word' id='word_1_259' title='bbox 1731 3217 2004 3281; x_wconf 88' lang='lat' dir='ltr'><strong>liberam</strong></span> <span class='ocrx_word' id='word_1_260' title='bbox 2043 3221 2108 3282; x_wconf 89' lang='lat' dir='ltr'><strong>et</strong></span> <span class='ocrx_word' id='word_1_261' title='bbox 2135 3215 2351 3279; x_wconf 88' lang='lat' dir='ltr'><strong>mode-</strong></span> 
     </span>
     <span class='ocr_line' id='line_1_35' title="bbox 262 3302 2350 3389; baseline -0.001 -21"><span class='ocrx_word' id='word_1_262' title='bbox 262 3319 310 3368; x_wconf 95' lang='grc' dir='ltr'><strong>Ξ</strong></span> <span class='ocrx_word' id='word_1_263' title='bbox 334 3312 546 3374; x_wconf 87' lang='lat' dir='ltr'><strong>ratam</strong></span> <span class='ocrx_word' id='word_1_264' title='bbox 564 3307 811 3374; x_wconf 89' lang='lat' dir='ltr'><strong>habuit.</strong></span> <span class='ocrx_word' id='word_1_265' title='bbox 854 3305 1177 3371; x_wconf 78' lang='lat' dir='ltr'><strong>servitutis</strong></span> <span class='ocrx_word' id='word_1_266' title='bbox 1189 3306 1562 3387; x_wconf 80' lang='lat' dir='ltr'><strong>formidines</strong></span> <span class='ocrx_word' id='word_1_267' title='bbox 1582 3305 2122 3389; x_wconf 87' lang='lat' dir='ltr'><strong>indignitatesque</strong></span> <span class='ocrx_word' id='word_1_268' title='bbox 2140 3302 2350 3369; x_wconf 86' lang='lat' dir='ltr'><strong>homi·</strong></span> 
     </span>
     <span class='ocr_line' id='line_1_36' title="bbox 314 3393 2352 3480; baseline -0.003 -20.944"><span class='ocrx_word' id='word_1_269' title='bbox 314 3416 451 3460; x_wconf 87' lang='lat' dir='ltr'><strong>nes</strong></span> <span class='ocrx_word' id='word_1_270' title='bbox 513 3400 809 3480; x_wconf 88' lang='lat' dir='ltr'><strong>expertos</strong></span> <span class='ocrx_word' id='word_1_271' title='bbox 870 3395 1176 3461; x_wconf 82' lang='lat' dir='ltr'><strong>adversus</strong></span> <span class='ocrx_word' id='word_1_272' title='bbox 1233 3396 1461 3459; x_wconf 91' lang='lat' dir='ltr'><strong>notum</strong></span> <span class='ocrx_word' id='word_1_273' title='bbox 1520 3394 1761 3458; x_wconf 90' lang='lat' dir='ltr'><strong>malum</strong></span> <span class='ocrx_word' id='word_1_274' title='bbox 1820 3393 2122 3455; x_wconf 86' lang='lat' dir='ltr'><strong>inritatos</strong></span> <span class='ocrx_word' id='word_1_275' title='bbox 2180 3410 2352 3473; x_wconf 82' lang='lat' dir='ltr'><strong>esse;</strong></span> 
     </span>
     <span class='ocr_line' id='line_1_37' title="bbox 335 3477 2351 3567; baseline -0.002 -21"><span class='ocrx_word' id='word_1_276' title='bbox 335 3480 654 3547; x_wconf 87' lang='lat' dir='ltr'><strong>discordia</strong></span> <span class='ocrx_word' id='word_1_277' title='bbox 701 3483 907 3549; x_wconf 87' lang='lat' dir='ltr'><strong>civilis</strong></span> <span class='ocrx_word' id='word_1_278' title='bbox 956 3503 1116 3567; x_wconf 87' lang='lat' dir='ltr'><strong>quas</strong></span> <span class='ocrx_word' id='word_1_279' title='bbox 1162 3482 1452 3567; x_wconf 84' lang='lat' dir='ltr'><strong>inportet</strong></span> <span class='ocrx_word' id='word_1_280' title='bbox 1486 3482 1698 3547; x_wconf 88' lang='lat' dir='ltr'><strong>clades</strong></span> <span class='ocrx_word' id='word_1_281' title='bbox 1709 3531 1728 3566; x_wconf 89' lang='lat'><strong>,</strong></span> <span class='ocrx_word' id='word_1_282' title='bbox 1767 3479 2022 3544; x_wconf 89' lang='lat' dir='ltr'><strong>audisse</strong></span> <span class='ocrx_word' id='word_1_283' title='bbox 2063 3477 2351 3562; x_wconf 81' lang='lat' dir='ltr'><strong>magisa</strong></span> 
     </span>
    </p>
   </div>
  </div>
 </body>
</html>
