2654 3913
598 220 815 276 LIBER
848 221 1040 278 XXVI.
1116 221 1270 275 CAP.
1311 229 1395 278 10.
1437 229 1517 278 ιι.
1593 224 1667 294 [a.
1706 224 1765 278 0.
1804 228 1934 295 211]
2151 229 2275 291 123

265 365 626 451 equitatum
653 365 863 432 iussit.
934 387 1081 432 cum
1109 367 1526 432 commissum
1553 367 1871 451 proelium
1908 372 2105 452 esset,
2132 389 2277 432 con·
2316 379 2348 428 5

266 454 440 518 eules
484 452 857 538 transfugas
894 453 1353 539 Numidarum,
1398 455 1509 539 qui
1553 459 1695 519 tum
1733 455 1806 518 in
1838 454 2166 519 Aventino
2201 456 2282 520 ad

266 542 445 606 mille
488 545 555 607 et
598 542 859 607 ducenti
904 544 1118 626 erant,
1162 542 1376 607 media
1418 542 1580 607 urbe
1625 543 1905 606 transire
1950 541 2282 626 Esquilias

265 630 617 715 iusserunt,
653 630 871 695 nullos
911 630 1193 714 aptiores
1229 631 1401 695 inter
1436 631 1761 695 convalles
1797 633 2096 715 tectaque
2130 630 2282 696 hor-
2320 643 2354 689 6

263 722 480 783 torum
526 722 598 783 et
639 718 936 802 sepulcra
982 722 1050 783 et
1093 739 1283 783 cavas
1340 718 1622 802 undique
1677 719 1816 784 vias
1863 718 1946 784 ad
1990 739 2282 804 pugnan-

265 805 419 871 dum
453 805 711 871 futuros
747 806 894 870 rati.
952 826 1111 889 quos
1150 828 1297 872 cum
1336 828 1413 871 ex
1449 828 1592 871 arce
1627 804 2079 890 Capitolioque
2112 807 2285 873 clivo

266 894 562 959 Publicio
592 895 661 959 in
689 894 868 978 equis
905 893 1302 960 decurrentis
1342 894 1602 980 quidam
1643 895 1985 979 vidissent,
2022 899 2284 979 captum

265 982 665 1047 Aventinum
712 982 1291 1048 conclamaverunt.
1363 1005 1440 1048 ea
1482 1004 1584 1047 res
1630 986 1885 1049 tantum
1931 985 2284 1049 tumultum
2322 993 2352 1041 ⁷

267 1090 343 1135 ac
379 1068 604 1155 fugam
641 1070 967 1154 praebuit,
1006 1073 1107 1155 ut,
1142 1070 1272 1137 nisi
1308 1075 1522 1136 castra
1557 1071 1803 1137 Punica
1840 1075 2023 1136 extra
2058 1073 2286 1137 urbem

265 1158 569 1243 fuissent,
624 1159 903 1223 effusura
956 1179 1024 1224 se
1078 1160 1290 1224 omnis
1356 1159 1594 1245 pavida
1648 1159 1996 1225 multitudo
2061 1160 2287 1243 fuerit3

265 1252 419 1311 tunc
463 1246 533 1310 in
578 1246 802 1312 domos
850 1252 1045 1331 atque
1088 1248 1160 1312 in
1193 1250 1370 1312 tecta
1405 1247 1816 1331 refugiebant
1850 1268 2178 1331 vagosque
2215 1248 2288 1312 in

264 1335 390 1400 viis
437 1355 589 1399 suos
622 1355 745 1416 pro
799 1333 1099 1399 hostibus
1152 1335 1477 1419 lapidibus
1531 1335 1807 1418 telisque
1860 1335 2286 1399 incessebant.
2335 1375 2376 1390 ψ
2431 1402 2448 1410 Ι

265 1444 386 1487 nec
442 1422 783 1503 comprimi
835 1422 1153 1485 tumultus
1209 1422 1577 1505 aperirique
1631 1442 1809 1485 error
1869 1424 2126 1504 poterat
2188 1443 2283 1485 re·
2321 1429 2355 1479 8

265 1510 452 1576 fertis
515 1509 859 1573 itineribus
924 1509 1281 1593 agrestium
1344 1509 1540 1573 turba
1601 1530 2056 1592 pecorumque,
2122 1530 2286 1593 quae

266 1596 646 1681 repentinus
682 1618 883 1679 pavor
919 1597 989 1660 in
1026 1596 1251 1661 urbem
1288 1596 1702 1680 compulerat.
1767 1600 2064 1681 equestre
2099 1618 2282 1680 proe-
2320 1606 2353 1653 9

267 1687 428 1751 lium
475 1685 821 1750 secundum
867 1684 1018 1769 fuit,
1064 1685 1497 1769 summotique
1532 1686 1757 1750 hostes
1796 1689 1966 1749 sunt.
2033 1688 2098 1748 et
2135 1685 2287 1769 quia

268 1773 490 1839 multis
539 1773 700 1838 locis
748 1774 1211 1857 comprimendi
1252 1773 1574 1839 tumultus
1622 1776 1832 1858 erant,
1889 1773 2001 1858 qui
2044 1778 2286 1839 temere

267 1863 667 1944 oriebantur,
702 1861 947 1946 placuit
985 1884 1234 1946 omnes,
1273 1864 1384 1965 qui
1413 1861 1789 1946 dictatores,
1819 1862 2113 1927 consules
2140 1882 2285 1928 cen-

269 1973 526 2017 soresve
569 1949 872 2035 fuissent,
924 1972 1071 2016 cum
1116 1951 1390 2034 imperio
1446 1971 1615 2031 esse,
1669 1949 1869 2015 donec
1913 1950 2288 2016 recessisset

269 2062 309 2105 a
352 2037 558 2103 muris
604 2037 831 2101 hostis.
922 2042 990 2102 et
1045 2038 1172 2102 diei
1226 2038 1397 2122 quod
1449 2039 1770 2120 reliquum
1813 2037 1942 2100 fuit
1986 2040 2052 2101 et
2093 2043 2284 2102 nocte
2324 2046 2389 2094 10

266 2124 633 2211 insequenti
687 2123 881 2189 multi
931 2129 1174 2189 temere
1228 2126 1491 2189 excitati
1545 2124 1863 2188 tumultus
1920 2126 2070 2187 sunt
2115 2146 2286 2189 com·

311 2235 617 2295 ressique.

267 2238 309 2299 p
443 2301 556 2368 XI.
627 2300 898 2367 Postero
948 2301 1050 2366 die
1103 2305 1545 2385 transgressus
1590 2300 1909 2365 Anienem
1954 2298 2286 2366 Hannibal
2325 2310 2353 2357 1

267 2392 336 2457 in
372 2391 576 2457 aciem
613 2391 821 2456 omm‘s
859 2390 1080 2474 copias
1122 2389 1368 2474 eduxit3
1404 2411 1521 2455 nec
1556 2388 1827 2455 Flaccus
1863 2390 2286 2475 consulesque

269 2482 594 2543 certamen
639 2479 1092 2543 detrectavere.
1165 2478 1499 2543 instructis
1537 2478 1861 2561 utrimque
1899 2478 2284 2545 exercitibus
2321 2485 2356 2536 2

268 2565 513 2667 iumine
542 2584 804 2647 pugnae
841 2586 1089 2647 casum,
1124 2566 1194 2629 in
1231 2587 1359 2649 qua
1395 2565 1552 2629 urbs
1589 2564 1800 2629 Roma
1836 2565 2070 2629 victori
2105 2587 2286 2647 prae—

270 2652 472 2719 mium
519 2655 716 2733 esset,
762 2650 969 2714 imber
1012 2653 1242 2735 ingens
1284 2651 1596 2734 grandine
1632 2651 1877 2714 mixtus
1915 2651 2012 2714 ita
2045 2655 2287 2715 utram-

272 2761 392 2824 que
450 2739 653 2807 aciem
708 2738 1025 2822 turbavit,
1080 2742 1154 2803 ut
1207 2738 1314 2802 vix
1371 2739 1567 2802 armis
1621 2736 1892 2825 retentis
1946 2737 2017 2801 in
2072 2743 2289 2804 castra

269 2850 411 2895 sese
443 2827 804 2912 receperint
838 2826 1078 2891 nullius
1114 2826 1210 2891 rei
1248 2826 1500 2891 minore
1537 2822 1730 2909 quam
1727 2822 2055 2890 “hostium
2092 2830 2320 2892 metu.

270 2923 337 2982 et
379 2919 642 3000 postero
681 2915 784 2979 die
821 2914 1045 2979 eodem
1080 2914 1225 2981 loco
1264 2914 1435 2980 acies
1474 2914 1826 2981 instructas
1865 2913 2088 2978 eadem
2122 2917 2284 2980 tem-
2322 2924 2355 2972 3

268 3009 493 3089 postas
529 3004 801 3069 diremit.
862 3002 974 3068 ubi
1008 3004 1403 3087 recepissent
1440 3023 1508 3067 se
1544 3002 1613 3066 in
1649 3006 1892 3085 castra,
1930 3002 2095 3067 mira
2124 3023 2287 3069 sere-

267 3094 442 3159 nitas
498 3114 644 3158 cum
697 3091 1171 3176 tranquillitate
1225 3090 1572 3158 oriebatur.
1660 3091 1729 3156 in
1783 3090 2164 3174 religionem
2211 3113 2287 3157 ea
2323 3100 2357 3148 4

267 3202 370 3246 res
417 3179 587 3266 apud
632 3179 881 3244 Poenos
927 3201 1113 3245 versa
1159 3183 1287 3262 est,
1333 3178 1682 3264 auditaque
1725 3200 1851 3243 vox
1896 3178 2284 3243 Hannibalis

268 3270 494 3355 fertur,
537 3267 887 3352 potiundae
934 3267 1061 3332 sibi
1103 3268 1283 3333 urbis
1319 3267 1567 3332 Romae
1604 3266 1794 3332 modo
1833 3271 2117 3330 mentem
2152 3286 2287 3330 non

268 3358 435 3442 dari,
480 3356 691 3437 modo
716 3354 1061 3421 fortunam.
1133 3356 1421 3422 minuere
1469 3355 1666 3419 etiam
1712 3375 1897 3437 spem
1940 3354 2076 3419 eius
2123 3352 2285 3419 duae
2323 3362 2357 3411 ὅ

270 3447 464 3531 aliae,
504 3423 719 3530 ‘parva
774 3462 1164 3529 magnaque,
1218 3464 1352 3508 res:
1404 3460 1643 3527 magna
1696 3442 1839 3527 illa,
1894 3439 2091 3527 quod,
2139 3463 2284 3507 cum

269 3536 406 3620 ipse
454 3535 537 3599 ad
581 3531 839 3601 moenia
882 3532 1061 3598 urbis
1107 3494 1354 3597 R'omae
1400 3534 1687 3597 armatus
1726 3531 2004 3615 sederet,
2041 3531 2283 3596 milites
