2654 3913
372 239 501 302 1Ἱο
649 238 867 293 LIBER
901 238 1097 295 XXVI.
1172 239 1322 294 CAP.
1362 245 1446 295 48.
1486 246 1570 294 49.
1650 240 1724 312 [a.
1765 239 1829 297 U.
1869 258 1914 295 c.
1955 239 2084 313 544]

299 396 332 444 6
370 403 439 449 se
486 381 753 468 dignum
799 405 875 449 eo
914 382 1175 448 duceret
1210 383 1397 449 dono.
1470 384 1595 450 duo
1631 384 1909 467 professi
1954 389 2139 470 sunt,
2186 385 2393 463 (111-

368 465 637 536 berilius
667 472 954 536 centurio
982 472 1261 557 legionis
1289 474 1561 555 quartae
1594 475 1663 536 et
1689 468 1831 538 Sex.
1858 472 2146 558 Digitius
2175 475 2393 540 socius

366 560 638 625 navalis,
728 581 848 625 nec
889 559 1018 643 ipsi
1070 565 1210 625 tam
1263 560 1438 625 inter
1492 581 1562 625 se
1609 559 1844 626 acriter
1897 561 2394 647 contendebant,

370 669 564 731 quam
611 648 823 751 studia
869 648 1303 713 excitaverant
1357 651 1627 732 uterque
1681 648 1785 713 sui
1839 649 2125 733 corporis
2182 650 2393 715 1101111-

299 748 329 796 7
366 758 539 801 1111111.
621 729 814 802 socils
826 734 935 802 'Oi
945 735 1241 801 Laelius
1262 736 1688 822 praefectus
1703 738 1961 821 classis,
2005 738 2389 823 legionariis

296 835 330 884 8
366 822 453 888 M.
501 822 921 906 Sempronius
968 824 1329 890 Tuditanus
1384 824 1629 889 aderat.
1727 846 1806 890 ea
1860 826 2188 891 contentio
2245 848 2392 891 cum

365 934 569 995 prope
598 913 978 978 seditionem
1006 914 1283 998 veniret,
1323 911 1539 996 Scipio
1568 912 1690 978 tris
1717 919 2204 997 recuperatores
2244 936 2391 979 cum

368 1020 436 1063 se
483 1000 783 1065 daturum
826 1002 1338 1085 pronuntiasset,
1384 1002 1495 1086 qui
1541 1002 1804 1103 cognita
1851 1023 2047 1067 causa
2087 1003 2391 1068 testibus·

368 1108 490 1171 que
528 1088 767 1154 auditis
803 1088 1189 1174 iudicarent,
1225 1093 1373 1155 uter
1408 1090 1586 1173 prior
1622 1092 1693 1153 in
1724 1089 2031 1173 oppidum
2060 1095 2391 1156 transcen-

295 1186 329 1235 9
366 1175 595 1261 disset,
651 1174 720 1243 O.
762 1177 984 1242 Laelio
1049 1182 1115 1242 et
1169 1142 1256 1244 M.
1304 1176 1716 1261 Sempronio,
1787 1178 2117 1243 advocatis
2181 1179 2390 1263 partis

365 1264 730 1349 utriusque,
785 1264 856 1331 P.
902 1263 1273 1332 Cornelium
1335 1264 1695 1332 Caudinum
1750 1264 1828 1330 de
1884 1265 2094 1332 medio
2152 1267 2392 1333 adiecit

369 1372 604 1439 eosque
647 1354 769 1419 tris
815 1359 1298 1439 recuperatores
1355 1354 1687 1420 considere
1735 1356 1801 1418 et
1845 1375 2107 1419 causam
2153 1375 2391 1440 cogno-

264 1453 330 1502 10
367 1462 543 1506 scere
588 1441 799 1509 iussit.
888 1465 1033 1507 cum
1087 1465 1192 1508 res
1240 1464 1316 1509 eo
1363 1433 1654 1507 1ῖ1”εἲ,ἷ(“>1“”ε1’Ν
1664 1446 1966 1528 ageretur
2020 1445 2390 1527 certamine,

367 1529 540 1613 quod
585 1531 788 1606 amoti
833 1534 1054 1596 tantae
1101 1531 1438 1616 dignitatis
1483 1552 1615 1595 non
1660 1535 1799 1595 tam
1849 1530 2148 1597 advocati
2194 1554 2389 1617 quam

364 1607 827 1683 moderatores
834 1618 1200 1684 studiorum
1235 1619 1524 1703 fuerant,
1568 1616 1636 1684 O.
1675 1617 1936 1684 Laelius
1973 1620 2201 1685 relicto
2241 1642 2391 1685 con-

263 1718 323 1765 11
367 1705 512 1770 31110
561 1706 644 1770 ad
687 1707 973 1771 tribunal
1028 1706 1108 1771 ad
1156 1705 1526 1789 Scipionem
1584 1707 1830 1772 accedit
1878 1729 2145 1792 eumque
2203 1709 2392 1773 docet

362 1813 500 1857 rem
557 1794 696 1857 sine
754 1794 945 1859 modo
1006 1815 1082 1859 ac
1135 1795 1455 1859 modestia
1516 1794 1650 1877 agi,
1708 1815 1782 1858 ac
1825 1815 2030 1876 prope
2087 1817 2256 1878 esse,
2313 1802 2391 1860 ut

362 1902 591 1945 manus
637 1882 808 1946 inter
854 1903 922 1946 se
968 1882 1320 1947 conferant.
1394 1886 1678 1946 ceterum
1725 1882 1923 1947 etiam
1962 1883 2018 1946 si
2054 1883 2154 1947 vis
2193 1884 2387 1969 absit,

361 1969 568 2034 nihilo
616 1970 827 2035 minus
873 1971 1246 2037 detestabili
1283 1971 1579 2056 exemplo
1622 1993 1762 2036 rem
1798 1972 1934 2056 agi,
1984 1972 2220 2057 quippe
2273 1975 2388 2038 ubi

262 2071 326 2120 12
364 2058 587 2124 fraude
644 2080 718 2125 ac
762 2061 1046 2145 periurio
1094 2061 1284 2126 decus
1331 2062 1594 2144 petatur
1648 2060 1928 2126 virtutis.
2019 2064 2194 2126 stare
2237 2061 2390 2126 hinc

363 2146 756 2233 legionarios
783 2150 1056 2233 milites,
1087 2149 1241 2215 hinc
1268 2149 1601 2233 classicos,
1636 2170 1753 2231 per
1782 2149 1994 2213 omnis
2023 2149 2175 2214 deos
2202 2171 2388 2233 para-

362 2239 467 2300 tos
512 2237 725 2301 iurare
772 2239 982 2320 magis
1031 2259 1193 2321 quae
1240 2238 1473 2321 velint,
1531 2259 1725 2322 quam
1773 2258 1938 2321 quae
1985 2239 2192 2302 sciant
2236 2259 2389 2302 vera

364 2342 531 2405 esse,
589 2326 654 2386 et
706 2324 1111 2408 obstringere
1163 2325 1447 2406 periurio
1502 2346 1635 2387 non
1689 2345 1759 2387 se
1815 2324 2025 2389 solum
2072 2346 2388 2409 suumque

363 2412 580 2493 caput,
646 2410 758 2473 sed
815 2411 1003 2494 signa
1056 2411 1369 2474 militaria
1428 2412 1494 2474 et
1547 2411 1800 2494 aquilas
1867 2412 2387 2498 sacramentique

259 2510 325 2559 13
361 2497 763 2582 religionem.
842 2497 1004 2563 haec
1050 2520 1117 2563 se
1165 2498 1248 2563 ad
1294 2520 1442 2563 eum
1489 2497 1567 2564 de
1615 2499 1939 2564 sententia
1982 2497 2054 2564 P.
2101 2497 2389 2566 Cornelii

363 2589 431 2651 et
473 2585 560 2651 M.
607 2585 972 2671 Sempronii
1018 2586 1278 2652 deferre.
1354 2585 1569 2671 Scipio
1618 2587 2005 2653 conlaudato
2044 2587 2266 2654 Laelio
2306 2589 2386 2654 ad

363 2676 730 2741 contionem
777 2675 1117 2742 advocavit
1160 2675 1729 2759 pronuntiavitque
1778 2698 1848 2741 se
1893 2675 2055 2740 satis
2098 2697 2385 2761 comper-

362 2766 504 2828 tum
548 2763 790 2829 habere
837 2763 910 2840 Q.
947 2765 1332 2830 Tiberilium
1378 2768 1442 2828 et
1488 2761 1631 2829 Sex.
1666 2764 1993 2850 Digitium
2036 2765 2281 2849 pariter
2317 2766 2387 2830 in

364 2873 621 2916 murum
686 2853 1075 2936 escendisse,
1140 2874 1335 2937 seque
1400 2873 1510 2916 eos
1576 2852 1803 2918 ambos
1860 2852 2126 2917 virtutis
2192 2875 2388 2918 causa

261 2952 326 2999 14
365 2940 618 3004 00101113
656 2941 1013 3006 muralibus
1061 2941 1318 3007 donare.
1391 2944 1533 3007 tum
1578 2941 1893 3024 reliquos„
1936 2944 2135 3022 prout
2179 2943 2388 3007 cuius-

364 3049 487 3112 que
532 3028 837 3092 meritum
892 3030 1221 3113 virtusque
1277 3031 1444 3113 erat,
1500 3028 1793 3112 donavit3
1852 3032 2003 3094 ante
2060 3030 2270 3095 omnis
2318 3028 2386 3096 C.

362 3114 655 3179 Laelium
686 3115 1084 3197 praefectum
1122 3117 1349 3182 classis
1388 3120 1455 3181 et
1489 3117 1667 3181 omni
1705 3136 1942 3201 genere
1981 3117 2193 3183 laudis
2233 3119 2385 3183 sibi-

364 3206 497 3267 met
541 3203 679 3287 ipse
727 3205 1030 3288 aequavit
1085 3208 1151 3268 et
1196 3226 1433 3269 corona
1480 3226 1675 3269 aurea
1732 3227 1806 3270 ac
1852 3205 2130 3288 triginta
2176 3208 2385 3272 bubus

364 3291 648 3355 donavit.

293 3390 321 3436 1
539 3379 766 3446 XLIX.
829 3379 996 3444 Tum
1043 3380 1301 3445 obsides
1356 3380 1716 3446 civitatium
1762 3382 2123 3468 Hispaniae
2168 3385 2387 3448 vocari

361 3465 578 3548 iussit3
625 3488 897 3550 quorum
943 3471 1223 3551 quantus
1267 3490 1577 3533 numerus
1624 3469 1820 3536 fuerit
1864 3472 2049 3555 piget
2085 3471 2385 3555 scribere,

361 3550 598 3631 quippe
663 3574 807 3617 cum
874 3555 1031 3619 alibi
1098 3559 1424 3622 trecentos
1490 3556 1724 3643 ferme,
1790 3559 1946 3623 alibi
2010 3559 2138 3621 tria
2202 3559 2382 3626 milia
