2654 3913
330 168 455 232 118
697 168 913 223 LIBER.
948 168 1140 224 XXVI.
1216 168 1368 224 CAP.
1408 176 1457 226 6.
1536 170 1611 242 [a.
1648 170 1713 225 U.
1754 188 1800 227 c.
1839 172 1968 243 543]

326 313 398 377 in
442 312 778 379 cohortem
822 312 1265 396 Hispanorum
1311 314 1551 398 coepit3
1608 317 1675 379 et
1730 316 1838 398 qui
1884 294 2114 381 castris
2159 336 2344 399 prae-

327 404 514 466 erant
551 399 624 466 L.
651 400 918 467 Porcius
946 402 1207 467 Licinus
1246 405 1314 467 et
1347 401 1421 467 Τ.
1446 402 1741 487 Popilius
1776 404 1982 487 legati
2017 424 2136 486 pro
2171 404 2346 469 vallo

326 490 563 554 acriter
620 494 1036 574 propugnant
1099 490 1610 575 elephantosque
1665 490 2213 576 transgredientes
2277 492 2348 556 in

258 588 290 637 2
327 578 471 661 ipso
517 578 691 643 vallo
740 578 1103 644 conficiunt.
1167 599 1438 663 quorum
1482 580 1861 663 corporibus
1898 601 2044 645 cum
2082 578 2346 662 oppleta
2479 613 2490 620 ·

326 666 508 731 fossa
551 669 748 750 esset,
792 667 973 731 velut
1018 685 1254 751 aggere
1301 670 1415 731 aut
1470 670 1668 751 ponte
1712 668 1950 734 iniecto
1994 668 2344 732 transitum

327 753 626 820 hostibus
675 754 864 819 dedit.
937 754 1032 820 ibi
1075 774 1270 838 super
1313 757 1600 839 stragem
1645 756 1995 822 iacentium
2042 755 2344 841 elephan-

258 852 292 901 3
329 844 545 907 torum
592 846 781 907 atrox
827 841 999 907 edita
1045 842 1287 907 caedes.
1379 844 1589 908 altera
1640 844 1709 908 in
1751 848 1941 928 parte
1985 847 2346 910 castrorum

327 929 462 993 iam
505 929 752 1012 inpulsi
798 934 984 995 erant
1020 927 1336 1015 Campani
1372 929 1814 1016 Punicumque
1849 932 2244 1017 praesidium
2281 937 2348 997 et

328 1016 449 1081 sub
494 1016 641 1101 ipsa
683 1020 878 1103 porta
921 1015 1210 1103 Capuae,
1255 1040 1420 1103 quae
1458 1017 1858 1084 Vulturnum
1904 1020 2058 1104 fert,
2101 1041 2347 1107 pugna-

257 1115 293 1165 4
328 1105 553 1190 batur3
604 1127 810 1191 neque
854 1110 992 1171 tam
1049 1108 1280 1171 armati
1334 1107 1849 1191 inrumpentibus
1894 1106 2206 1173 Romanis
2250 1130 2345 1173 re-

330 1194 664 1279 sistebant,
685 1216 878 1278 quam
904 1198 1098 1279 porta
1123 1195 1406 1261 ballistis
1426 1194 1997 1280 scorpionibusque
2026 1196 2347 1261 instructa

259 1291 291 1340 5
328 1281 686 1349 missilibus
714 1285 940 1369 procul
968 1284 1177 1350 hostis
1206 1284 1486 1350 arcebat.
1514 1288 1608 1348 -et
1645 1284 2005 1368 suppressit
2028 1283 2346 1368 impetum

266 1377 303 1385 ”
326 1367 771 1438 Romanorum
816 1372 1046 1437 vulnus
1092 1372 1505 1456 imperatoris
1552 1372 1677 1457 Ap.
1718 1370 1975 1457 Claudi,
2033 1373 2139 1438 cui
2195 1393 2346 1437 suos

330 1463 480 1524 ante
506 1461 719 1543 prima
747 1461 936 1547 signa
973 1460 1351 1526 adhortanti
1389 1462 1508 1526 sub
1546 1462 1728 1528 laevo
1766 1482 1986 1526 umero
2025 1481 2346 1525 summum

329 1551 554 1629 pectus
609 1570 807 1634 gaeso
861 1549 1065 1613 ictum
1118 1551 1236 1613 est.
1336 1569 1576 1633 magna
1629 1550 1728 1614 vis
1783 1554 2004 1614 tamen
2056 1548 2347 1614 hostium

332 1639 485 1699 ante
528 1640 790 1719 portam
836 1639 937 1699 est
981 1656 1194 1719 caesa,
1250 1637 1449 1700 ceteri
1502 1637 1742 1718 trepidi
1793 1637 1864 1700 in
1916 1638 2143 1700 urbem
2197 1657 2345 1700 con-

262 1735 293 1783 6
328 1724 517 1805 pulsi.
617 1727 684 1787 et
735 1720 1094 1804 Hannibal,
1156 1725 1503 1805 postquam
1563 1721 1849 1786 cohortis
1904 1721 2345 1805 Hispanorum

330 1811 615 1891 stragem
677 1808 841 1873 vidit
902 1829 1278 1893 summaque
1336 1809 1405 1873 vi
1458 1812 1672 1874 castra
1728 1809 2015 1873 hostium
2070 1808 2345 1893 defendi,

330 1895 576 1961 omissa
604 1895 1083 1982 oppugnatione
1100 1896 1390 1982 recipere
1412 1896 1599 1983 signa
1623 1901 1691 1963 et
1718 1900 2090 1964 convertere
2110 1917 2345 1983 agmen

329 1984 619 2070 peditum
667 1986 920 2052 obiecto
969 1985 1052 2051 ab
1086 1989 1273 2071 tergo
1311 1987 1636 2071 equitatu,
1679 2007 1763 2052 ne
1797 1986 2007 2052 hostis
2050 1987 2346 2070 instaret,

262 2084 293 2134 7
333 2074 565 2160 eoepit.
653 2074 983 2158 legionum
1029 2075 1222 2140 ardor
1273 2075 1507 2159 ingens
1564 2076 1644 2140 ad
1696 2074 1954 2141 hostem
2005 2075 2343 2160 insequen-

333 2164 485 2228 dum
521 2163 672 2249 fuit3
717 2162 989 2227 Flaccus
1025 2163 1315 2247 receptui
1353 2165 1496 2228 cani
1532 2163 1750 2247 iussit,
1787 2165 1949 2229 satis
1988 2164 2070 2227 ad
2098 2168 2344 2228 utrum-

331 2271 454 2333 que
497 2251 855 2332 profectum
895 2254 1076 2315 ratus
1085 2299 1104 2334 ,
1149 2257 1226 2314 ut
1260 2255 1329 2314 et
1367 2248 1705 2334 Campani,
1741 2273 1935 2334 quam
1971 2250 2146 2314 haud
2183 2252 2344 2315 mul-

329 2342 469 2400 tum
525 2338 595 2400 in
648 2336 1018 2401 Hannibale
1079 2337 1388 2419 praesidii
1445 2340 1638 2421 esset,
1693 2341 1758 2401 et
1819 2338 1958 2421 ipse
2011 2336 2345 2402 Hannibal

260 2435 295 2484 8
332 2423 617 2489 sentiret.
689 2445 875 2489 caesa
920 2444 996 2489 eo
1042 2424 1167 2507 die,
1191 2424 1302 2509 qui
1346 2424 1536 2489 huius
1571 2444 1831 2509 pugnae
1868 2429 2345 2528 auctoreslsunt

331 2516 477 2578 octo
530 2512 713 2578 milia
763 2511 1102 2577 hominum
1157 2511 1234 2577 de
1279 2511 1672 2579 Hannibalis
1719 2514 2030 2599 exercitu,
2083 2518 2215 2580 tna
2268 2536 2345 2579 ex

331 2600 682 2686 Campanis
734 2600 1028 2684 tradunt,
1086 2599 1402 2687 signaque
1457 2598 2103 2687 Carthaginiensibus
2168 2603 2344 2688 q'uin-

262 2702 293 2751 9
332 2691 538 2756 decim
597 2690 927 2774 adempta,
993 2689 1436 2776 duodeviginti
1490 2688 1857 2775 Campanis.
1956 2690 2126 2776 apud
2180 2691 2342 2755 alios

329 2800 740 2864 nequaquam
783 2783 1036 2843 tantam
1082 2779 1320 2844 molem
1361 2799 1621 2863 pugnae
1656 2779 1871 2844 inveni
1916 2779 2190 2864 plusque
2235 2800 2343 2863 pa-

329 2869 504 3020 {oris
543 2890 757 3019 quarln1
773 2867 1409 3018 certgminlif··fuiss·e,
1455 2888 1600 2933 cum
1636 2867 1974 3018 inoplinalto
2018 2867 2086 3019 itn
2131 2870 2345 2969 castra

392 2977 629 3021 omana
760 2977 894 3018 um1
940 2976 1016 3018 ae
1140 2977 1194 3019 1s
1243 2976 1349 3019 am
1396 2976 1476 3020 ue
1539 2976 1685 3021 cum
1750 2977 1783 3018 e
1815 2977 1847 3019 e
1939 2975 2026 3019 an
2058 2976 2113 3020 1s
2175 2970 2342 3021 mru-

156 3080 161 3084 -
229 3054 294 3104 ιο
331 3044 606 3128 pissent,
654 3042 985 3125 elephanti
1031 3064 1148 3126 per
1190 2976 1404 3108 rlhediczlz
1447 3046 1661 3108 castra
1703 2977 2015 3108 vadeliites
2062 3046 2342 3130 stragem

330 3131 894 3198 tabernaculorum
921 3130 1175 3215 ingenti
1213 3131 1431 3197 sonitu
1471 3152 1545 3195 ac
1571 3131 1794 3214 fugam
1822 3130 2342 3217 abrumpentium

229 3233 291 3281 11
330 3221 591 3288 vincula
643 3221 1077 3286 iumentorum
1130 3218 1442 3285 facerent·
1498 3218 1791 3285 fraudem
1846 3242 2097 3306 quoque
2151 3239 2345 3302 super

329 3311 681 3375 tumultum
729 3309 1044 3373 adiectam
1081 3307 1366 3372 inmissis
1404 3264 1485 3371 atb
1523 3306 1918 3391 Hannibale,
1965 3309 2078 3392 qui
2111 3306 2344 3372 ‘habitu

329 3396 564 3463 Italico
618 3398 808 3481 gnari
855 3396 1126 3462 Latinae
1181 3395 1442 3481 linguae
1487 3395 1783 3462 iuberent
1826 3397 2162 3462 consulum
2204 3415 2344 3460 ver-

331 3484 459 3568 bis,
516 3486 821 3568 quoniam
877 3485 1118 3551 amissa
1174 3488 1386 3549 castra
1440 3488 1685 3569 essent,
1738 3506 1857 3568 pro
1915 3504 1982 3547 se
2029 3504 2344 3568 quemque
