2654 3913
616 239 833 296 LIBER
866 240 1034 294 xxv.
1067 241 1259 296 ,(1111),
1299 248 1348 296 3.
1387 248 1437 296 4.
1516 242 1590 313 [a.
1629 241 1687 296 0.
1726 245 1854 314 212]
2157 247 2243 310 59

228 383 575 450 tiebantur.
649 406 726 450 ea
760 384 938 450 fraus
976 385 1258 449 indicata
1288 384 1376 450 M.
1403 384 1682 450 Aemilio
1709 388 1993 468 praetori
2028 388 2242 472 priore
2283 401 2347 449 12

230 494 398 538 anno
443 472 656 537 fuerat
701 494 775 538 ac
820 494 935 557 per
979 495 1126 538 eum
1164 473 1245 536 ad
1285 476 1581 538 senatum
1619 473 1834 538 delata
1870 496 1986 539 nec
2021 479 2244 540 tamen

227 561 362 626 ullo
429 564 688 626 senatus
757 561 1052 626 consulto
1119 563 1375 645 notata,
1440 561 1592 645 quia
1663 565 1881 645 patres
1954 563 2243 629 ordinem

228 649 716 750 publicanorum
762 649 829 712 in
876 648 997 712 tali
1042 652 1332 731 tempore
1381 649 1695 713 offensum
1730 650 2060 716 nolebant.
2130 674 2243 735 po·
2283 663 2349 711 13

230 738 416 820 pulus
464 737 748 801 severior
782 737 1013 801 vindex
1059 736 1307 801 fraudis
1346 740 1515 819 erat,
1561 736 1948 822 excitatique
1984 740 2244 804 tandem

232 825 356 889 duo
403 826 652 893 tribuni
698 825 906 908 plebis
945 823 1216 908 Spurius
1263 828 1330 889 et
1372 823 1445 888 L.
1483 786 1751 889 Carvilii
1789 847 1935 890 cum
1973 849 2109 892 rem
2145 829 2255 896 in-.

228 913 437 977 visam
483 912 915 996 infamemque
961 915 1321 995 cernerent,
1378 911 1724 977 ducentum
1776 915 2029 978 milium
2076 915 2242 980 aeris

228 1001 503 1065 multam
530 999 616 1065 Μ.
646 1000 981 1066 Postumio
1012 999 1330 1064 dixerunt.
1404 1001 1505 1065 cui
1542 1001 1883 1066 certandae
1924 1022 2069 1067 cum
2108 1003 2241 1068 dies
2284 1013 2350 1060 14

230 1087 620 1172 advenisset,
665 1089 1133 1171 conciliumque
1188 1091 1324 1151 tam
1371 1088 1673 1188 frequens
1718 1089 1927 1172 plebis
1973 1091 2243 1174 adesset,

228 1180 303 1240 ut
346 1176 823 1241 multitudinem
879 1198 1030 1240 area
1077 1173 1385 1259 Capitolii
1438 1176 1547 1240 vix
1606 1181 1890 1260 caperet,
1944 1182 2244 1261 perorata
2283 1189 2346 1237 15

228 1286 420 1330 causa
464 1286 594 1328 una
650 1286 796 1348 spes
855 1264 1193 1329 videbatur
1247 1283 1415 1347 esse,
1470 1263 1527 1326 si
1571 1261 1641 1328 C.
1681 1261 1995 1330 Servilius
2041 1265 2245 1331 Casca
2295 1302 2304 1309 ·

228 1352 526 1417 tribunus
563 1353 772 1435 pleb1s
783 1403 801 1436 ,
849 1352 958 1436 qui
996 1350 1394 1434 propinquus
1432 1353 1871 1435 cognatusque
1906 1352 2243 1419 Postumio

228 1442 397 1521 erat,
433 1440 808 1523 priusquam
846 1440 925 1503 ad
959 1438 1340 1522 suffragium
1366 1437 1576 1503 tribus
1605 1442 2010 1522 vocarentur,
2046 1440 2244 1504 inter-

228 1527 547 1593 cessisset.
618 1527 895 1592 testibus
925 1526 1092 1590 datis
1119 1525 1367 1590 tribuni
1393 1526 1703 1611 populum
1742 1530 2245 1612 summoverunt,
2283 1539 2350 1588 16

228 1614 571 1698 sitellaque
603 1615 739 1678 lata
777 1619 899 1698 est,
926 1620 1001 1678 ut
1030 1615 1433 1696 sortirentur,
1468 1614 1584 1678 ubi
1611 1613 1830 1678 Latini
1867 1614 2243 1700 suffragium

231 1703 489 1768 ferrent.
560 1703 823 1767 interim
870 1702 1199 1786 publicani
1245 1698 1487 1766 Cascae
1531 1701 1806 1785 instare,
1850 1703 1925 1766 ut
1971 1703 2243 1768 concilio
2283 1714 2348 1762 17

230 1790 400 1855 diem
446 1790 781 1874 eximeret3
836 1791 1112 1874 populus
1155 1789 1539 1873 reclamare3
1596 1794 1661 1855 et
1714 1789 1880 1855 forte
1933 1791 2003 1855 in
2049 1813 2245 1856 cornu

229 1879 473 1963 primus
522 1879 787 1944 sedebat
831 1876 1062 1962 Casca,
1108 1877 1211 1942 cui
1256 1878 1450 1942 simul
1491 1881 1705 1953 metus
1741 1878 2073 1963 pudorque
2112 1881 2244 1944 ani-

229 1988 408 2032 mum
452 1968 772 2032 versabat.
845 1989 989 2032 011111
1035 1966 1105 2031 111
1152 1988 1226 2031 eo
1265 1989 1496 2050 parum
1531 1966 1837 2049 praesidii
1875 1971 2071 2051 esset,
2115 1971 2245 2032 tur·
2286 1980 2349 2028 18

231 2055 480 2119 bandae
507 2055 603 2118 rei
630 2075 824 2119 causa
867 2054 1195 2138 publicani
1232 2077 1348 2139 per
1375 2077 1648 2120 vacuum
1678 2058 2000 2119 summoto
2030 2056 2246 2119 locum
2274 2133 2283 2140 .
2358 2119 2368 2130 ,

232 2163 433 2207 cuneo
487 2142 871 2224 inruperunt
923 2143 1258 2225 iurgantes
1319 2143 1512 2207 simul
1567 2164 1712 2207 cum
1756 2142 1996 2224 populo
2041 2142 2245 2207 tribu-

230 2230 478 2315 nisque.
550 2251 668 2294 nec
710 2232 934 2314 procul
972 2230 1384 2296 dimicatione
1429 2252 1533 2295 res
1580 2234 1743 2314 erat,
1789 2250 1934 2294 cum
1979 2228 2242 2295 Fulvius
2285 2242 2349 2291 19

232 2318 457 2383 consul
511 2319 789 2384 tribunis
839 2318 1105 2384 “nonne
1150 2318 1440 2385 videtis''
1486 2319 1701 2403 inquit
1746 2316 1915 2383 “vos
1963 2318 2029 2382 111
2076 2320 2243 2385 ordi-

231 2428 381 2471 nem
426 2411 685 2473 coactos
733 2430 872 2474 esse
928 2411 993 2473 et
1044 2430 1180 2472 rem
1237 2408 1317 2471 ad
1375 2407 1754 2472 seditionem
1813 2410 2133 2493 spectare,
2176 2409 2245 2473 ni

232 2516 504 2577 propere
559 2495 886 2560 dimittitis
941 2497 1151 2579 plebis
1209 2494 1652 2560 concilium?''
1743 2494 1855 2560 IV.
1910 2495 2098 2577 plebe
2139 2497 2244 2560 -di-
2286 2507 2312 2555 1

232 2582 433 2645 missa
479 2584 738 2645 senatus
784 2587 1055 2646 vocatur
1100 2586 1165 2646 et
1206 2583 1497 2645 consules
1536 2582 1822 2644 referunt
1858 2581 1937 2644 de
1975 2583 2245 2646 concilio

232 2667 443 2751 plebis
489 2667 751 2731 turbato
798 2670 865 2732 vi
910 2672 1102 2751 atque
1141 2668 1407 2731 audacia
1443 2667 1959 2749 publicanorum:
2005 2667 2091 2730 M.
2126 2667 2247 2731 Fu·
2284 2680 2316 2727 2

234 2757 400 2821 rium
456 2753 832 2837 Camillum,
895 2755 1075 2819 cuius
1139 2754 1404 2817 exilium
1467 2753 1655 2817 ruina
1715 2753 1897 2816 urbis
1953 2757 2249 2818 secutura

233 2844 458 2926 fuerit,
505 2843 799 2909 damnari
845 2865 913 2908 se
961 2844 1042 2908 ab
1089 2842 1275 2906 iratis
1332 2842 1578 2906 civibus
1623 2862 1889 2925 passum
1936 2862 2100 2926 esse3
2147 2842 2248 2906 de·
2284 2853 2317 2902 3

236 2932 549 2995 cemviros
615 2938 766 2998 ante
831 2954 1004 3014 eum,
1070 2952 1341 3015 quorum
1407 2929 1659 3015 legibus
1726 2930 1806 2993 ad
1869 2951 2012 2994 eam
2075 2930 2247 2995 diem

234 3020 552 3101 viverent,
598 3022 834 3087 multos
880 3025 1110 3106 postea
1145 3019 1470 3103 principes
1510 3018 1790 3083 civitatis
1827 3018 2133 3083 iudicium
2169 3019 2247 3084 de

237 3127 306 3170 se
361 3106 586 3189 populi
639 3130 892 3191 passos:
951 3108 1358 3173 Postumium
1414 3106 1809 3190 Pyrgensem
1870 3108 2246 3191 suffragium
2282 3119 2318 3166 4
2379 3119 2386 3126 ·

234 3193 476 3277 populo
513 3191 807 3259 Romano
847 3198 1219 3277 extorsisse,
1266 3196 1607 3260 concilium
1643 3196 1851 3279 plebis
1890 3196 2247 3277 sustulisse,

233 3282 532 3345 tribunos
578 3280 648 3343 in
695 3281 981 3346 ordinem
1029 3284 1344 3366 coegisse,
1390 3286 1612 3347 contra
1654 3282 1968 3365 populum
2014 3280 2247 3345 Roma-

234 3390 390 3433 num
438 3368 642 3433 aciem
688 3369 1094 3453 instruxisse,
1148 3371 1360 3434 locum
1407 3390 1779 3452 occupasse,
1831 3371 1906 3432 ut
1949 3368 2246 3433 tribunos

235 3477 274 3519 a
319 3455 509 3539 plebe
546 3455 1031 3541 intercluderet,
1076 3457 1283 3521 tribus
1320 3458 1397 3521 in
1436 3457 1814 3541 suffragium
1852 3456 2068 3520 vocari
2100 3478 2245 3539 pro·

234 3542 506 3608 hiberet.
567 3544 729 3609 nihil
769 3544 944 3609 aliud
982 3544 1022 3610 a
1058 3545 1249 3610 caede
1287 3566 1363 3609 ac
1399 3544 2244 3610 dimicationecontinuisse
2282 3556 2318 3604 5
