2654 3913
639 200 853 255 LIBER
880 200 1083 255 XXIV.
1159 200 1310 255 CAP.
1351 207 1434 257 33.
1474 207 1557 254 34.
1635 201 1705 271 [a.
1747 200 1803 255 c.
1844 203 1972 273 214]
2222 201 2306 267 37

294 349 553 432 portus,
599 345 878 435 capitur3
933 345 1138 430 legati
1193 364 1384 428 aegre
1431 345 1803 429 effugerunt.
1895 348 1961 409 et
2005 346 2135 410 iam
2178 368 2311 412 non
2346 359 2380 408 3

295 434 485 499 modo
523 435 702 518 pacis
742 434 853 497 sed
887 455 969 498 ne
1003 433 1159 498 belli
1187 432 1444 517 quidem
1484 433 1625 497 iura
1662 434 1889 498 relicta
1917 438 2127 517 erant,
2165 456 2310 499 cum

293 523 626 587 Romanus
665 522 983 586 exercitus
1022 520 1102 586 ad
1143 519 1517 605 Olympium
1556 557 1638 567 —
1676 509 1849 586 Ioffi
1895 520 1963 586 id
1998 523 2308 607 templum

296 613 393 674 est
426 647 501 656 —
535 610 714 674 mille
745 613 811 673 et
840 610 1228 695 quingentos
1257 630 1484 692 passus
1525 610 1605 673 ab
1635 610 1793 674 urbe
1832 613 2049 674 castra
2077 611 2312 696 posuit.

296 699 442 763 inde
489 719 743 783 quoque
789 698 1041 782 legatos
1086 698 1420 780 praemitti
1465 697 1735 781 placuit3
1782 698 2041 782 quibus,
2093 720 2174 763 ne
2219 698 2311 763 in-
2349 709 2382 757 4

294 790 545 852 trarent
589 786 845 869 urbem,
902 790 1084 851 extra
1128 788 1386 869 portam
1432 784 1862 869 Hippocrates
1919 790 2111 870 atque
2156 786 2311 870 Epi-

296 874 484 958 cydes
524 874 783 939 obviam
822 895 966 938 cum
1007 873 1136 938 suis
1174 876 1644 956 processeram.
1722 873 2052 939 Romanus
2092 878 2312 939 orator
2348 885 2381 934 5

294 985 426 1027 non
469 962 712 1027 bellum
759 983 828 1026 se
867 961 1291 1045 Syracusanis
1340 961 1453 1026 sed
1501 983 1688 1046 opem
1729 963 2167 1044 auxiliumque
2204 962 2313 1027 ad·

295 1049 465 1115 ferre
506 1050 598 1114 ait
643 1053 709 1114 et
752 1050 874 1135 εἰς,
921 1051 1032 1134 qui
1070 1071 1148 1114 ex
1182 1049 1395 1114 media
1440 1051 1632 1115 caede
1671 1051 1876 1133 elapsi
1911 1051 2314 1136 perfugerint

297 1139 377 1204 ad
417 1161 515 1223 se,
562 1141 627 1204 et
673 1139 792 1221 eis,
839 1140 949 1222 qui
989 1143 1166 1203 metu
1214 1138 1507 1222 oppressi
1551 1138 1908 1203 foediorem
1942 1160 2075 1205 non
2120 1139 2312 1203 exilio

297 1228 505 1292 solum
553 1226 664 1292 sed
704 1227 902 1291 etiam
941 1230 1146 1292 morte
1185 1226 1563 1291 servitutem
1598 1227 1948 1308 patiantur.
2017 1249 2136 1292 nec
2173 1248 2310 1293 cae·
2350 1239 2382 1288 6

298 1316 442 1381 dem
500 1315 848 1380 nefandam
905 1316 1229 1380 sociorum
1281 1314 1558 1379 inultam
1602 1315 1933 1380 Romanos
1978 1336 2313 1399 passuros:

298 1405 547 1488 itaque,
592 1404 649 1468 si
697 1404 818 1487 eis,
863 1404 972 1487 qui
1021 1404 1101 1468 ad
1137 1425 1204 1468 se
1240 1401 1671 1487 perfugerint,
1715 1407 1894 1467 tutus
1932 1404 1999 1467 in
2031 1404 2312 1488 patriam

298 1491 545 1556 reditus
602 1493 716 1575 pat
790 1495 882 1574 et,
939 1491 1149 1556 caedis
1208 1493 1501 1556 auctores
1557 1491 1870 1554 dedantur
1925 1494 1990 1554 et
2043 1491 2311 1555 libertas

298 1580 604 1664 legesque
716 1580 1090 1662 yracusanis
1156 1575 1840 1662 restituantur,·‘'ffihil
1901 1579 2096 1643 armis
2153 1600 2312 1662 opus

245 1744 249 1749 δ
300 1690 467 1754 esse3
524 1668 581 1732 si
638 1689 713 1732 ea
766 1689 898 1733 non
951 1668 1135 1751 fiant,
1190 1667 1574 1752 quicumque
1628 1667 1700 1731 in
1754 1687 1939 1731 mora
1984 1666 2093 1750 sit,
2140 1667 2311 1732 bello

298 1759 768 1841 persecuturos.
847 1756 925 1821 ad
976 1778 1052 1821 ea
1095 1756 1445 1840 EpicydeS,
1492 1754 1549 1820 si
1595 1776 1721 1838 qua
1764 1754 1844 1819 ad
1892 1777 1960 1819 se
2006 1755 2313 1820 mandata
2351 1767 2382 1815 ’1

297 1845 640 1927 haberent,
686 1865 1068 1928 responsum
1117 1845 1210 1908 eis
1251 1844 1345 1907 ait
1381 1864 1449 1907 se
1493 1842 1755 1908 daturos
1792 1841 1826 1907 f
1870 1843 1884 1857 ⁶
2004 1867 2020 1927 3
2066 1864 2211 1908 cum
2247 1843 2316 1908 in

299 1954 548 2017 eorum,
594 1931 677 1998 ad
725 1954 886 2017 quos
933 1933 1252 2016 venerint,
1298 1953 1493 1997 manu
1537 1953 1640 1997 res
1689 1918 2091 2016 Syracusana
2128 1935 2317 2016 esset,

298 2025 435 2085 tum
491 2024 983 2086 reverterentur.
1085 2022 1142 2086 si
1195 2020 1370 2085 bello
1430 2021 1844 2103 lacesserent,
1897 2021 2042 2104 ipsa
2095 2041 2164 2084 re
2216 2020 2315 2084 in·
2351 2032 2384 2081 8

298 2109 673 2174 tellecturos
719 2129 1123 2192 nequaquam
1178 2108 1350 2173 idem
1406 2129 1545 2173 esse
1591 2105 1938 2191 Syracusas
1998 2129 2071 2172 ac
2115 2106 2312 2171 Leon-

300 2197 476 2261 tinos
523 2216 915 2280 oppugnare.
1004 2197 1098 2260 ita
1143 2196 1378 2282 legatis
1425 2195 1667 2260 relictis
1713 2198 1936 2279 portas
1983 2194 2234 2259 clausit.

475 2281 635 2349 Inde
679 2287 855 2349 terra
900 2284 1190 2369 marique
1237 2285 1429 2349 simul
1477 2287 1741 2368 coeptae
1790 2283 2151 2367 oppugnari
2197 2281 2312 2367 Sy·
2352 2296 2384 2344 9

299 2394 589 2455 racusae,
634 2376 810 2437 terra
856 2372 935 2436 ab
974 2371 1321 2457 Hexapylo
1331 2422 1349 2455 ,
1387 2372 1552 2437 mari
1590 2373 1672 2437 ab
1702 2371 2099 2455 Achradina,
2136 2371 2314 2436 cuius

300 2483 521 2526 murus
556 2460 754 2526 fluctu
792 2461 1092 2525 adluitur.
1164 2466 1231 2525 et
1268 2461 1445 2545 quia,
1481 2461 1649 2526 sicut
1683 2459 2035 2525 Leontinos
2073 2463 2316 2525 terrore

305 2569 381 2613 ac
415 2548 624 2631 primo
662 2549 908 2630 impetu
944 2551 1273 2632 ceperant,
1315 2570 1450 2613 non
1485 2548 1865 2613 diffidebant
1899 2552 2152 2614 vastam
2189 2548 2316 2612 dis-

303 2636 664 2719 iectamque
737 2636 950 2719 spatio
1013 2637 1239 2701 urbem
1305 2640 1486 2720 parte
1550 2637 1767 2719 aliqua
1832 2657 1899 2699 se
1963 2637 2319 2717 invasuros,

301 2745 555 2789 omnem
603 2727 983 2807 apparatum
1030 2724 1609 2809 oppugnandarum
1653 2723 1906 2787 urbium
1957 2722 2161 2785 muris
2209 2722 2317 2786 ad·

299 2810 1036 2911 moveruntffXXXIV.
1084 2817 1150 2878 et
1193 2812 1532 2877 habuisset
1573 2814 1756 2876 tanto
1801 2810 2049 2895 impetu
2086 2813 2316 2892 coepta
2356 2822 2383 2870 1

224 2900 404 2964 “'res
448 2900 806 2984 fortunam,
846 2900 974 2965 nisi
1013 2922 1174 2965 unus
1212 2901 1407 2966 homo
1448 2897 1779 2983 Syracusis
1817 2920 1894 2963 ea
1932 2901 2317 2984 tempestate

302 2988 551 3052 fuisset.
600 2987 1018 3054 Archimedes
1064 2990 1120 3053 is
1169 2991 1335 3072 erat,
1381 2989 1606 3054 unicus
1654 2992 1985 3072 spectator
2029 2986 2193 3053 caeli
2239 2987 2317 3052 si·
2354 2999 2388 3048 2

303 3074 676 3159 derumque,
740 3076 1105 3141 mirabilior
1162 3080 1383 3140 tamen
1435 3077 1733 3142 inventor
1787 3099 1861 3142 ac
1895 3076 2320 3162 ⁴machinator

301 3162 689 3227 bellicorum
740 3167 1211 3229 tormentorum
1273 3184 1690 3249 operumque,
1751 3165 1983 3249 quibus
2035 3163 2324 3246 quicquid

301 3252 525 3316 hostes
589 3250 839 3335 ingenti
903 3253 1071 3317 mole
1136 3255 1429 3338 agerent,
1483 3252 1621 3336 ipse
1684 3253 1928 3336 perlevi
1990 3251 2316 3315 momento

300 3331 777 3422 ludificaretur-‚3
825 3361 1040 3405 muros
1068 3362 1185 3425 per
1220 3341 1579 3424 inaequalis
1611 3340 1836 3404 ductos
1866 3332 2089 3420 coIIeS,
2114 3337 2318 3419 plera·
2356 3348 2389 3396 3

299 3449 422 3511 que
468 3428 606 3493 alta
652 3431 718 3492 et
765 3427 1055 3493 difficilia
1100 3428 1307 3511 aditu,
1346 3427 1668 3492 submissa
1705 3425 2019 3510 quaedam
2057 3427 2123 3489 et
2160 3445 2320 3509 quae

298 3516 511 3599 planis
560 3517 837 3582 vallibus
886 3516 1047 3581 adiri
1101 3518 1398 3600 possent,
1442 3519 1516 3579 ut
1566 3514 1792 3597 cuique
1840 3516 2064 3598 aptum
2110 3513 2321 3577 visum
