2654 3913
590 230 805 286 LIBER
839 231 1032 287 XXVI.
1108 231 1260 288 CAP.
1298 237 1384 285 45.
1424 237 1508 286 46.
1586 231 1657 302 [a.
1700 231 1757 286 c,
1796 232 1925 303 210]
2148 233 2271 298 167

260 379 453 459 atque
518 377 818 441 alacritas
892 376 1178 441 hostium
1241 378 1581 458 cresceret,
1653 375 1914 459 signum
1987 378 2274 460 receptui

261 463 483 529 datum
531 468 655 549 est3
701 463 872 548 quod
919 486 1101 547 spem
1143 484 1276 527 non
1312 462 1673 546 praesentis
1720 464 1911 529 modo
1960 465 2040 527 ab
2088 467 2273 528 tanto
2313 475 2345 523 5

261 552 610 618 certamine
678 574 753 617 ac
812 553 1035 617 labore
1097 551 1331 637 quietis
1396 551 1707 634 obsessiS,
1771 550 1883 616 sed
1949 552 2145 617 etiam
2206 553 2279 615 in

260 644 591 724 posterum
620 640 824 721 dedit,
861 639 1057 705 scalis
1096 643 1162 705 et
1197 660 1435 704 corona
1472 639 1616 722 capi
1644 639 1870 704 urbem
1906 661 2039 705 non
2070 661 2279 724 posse,

261 751 459 813 opera
505 733 572 793 et
618 728 910 793 difficilia
956 750 1096 793 esse
1144 732 1210 792 et
1253 731 1510 810 tempus
1549 728 1777 792 datura
1823 728 1904 792 ad
1947 728 2278 793 ferendam

262 839 451 901 opem
496 817 996 900 imperatoribus
1043 817 1194 882 suis.

438 903 568 969 Vix
591 904 802 1005 ‘prior
862 905 1174 969 tumultus
1239 904 1667 988 conticuerat,
1721 926 1867 969 cum
1922 903 2134 988 Scipio
2197 905 2277 970 ab

262 993 531 1058 defessis
585 992 715 1057 iam
771 992 1250 1077 vulneratisque
1305 993 1579 1058 recentis
1636 994 2055 1078 integrosque
2115 994 2278 1059 alios

262 1082 551 1184 accipere
590 1081 797 1145 scalas
834 1081 1015 1146 iubet
1042 1086 1098 1147 et
1132 1081 1198 1146 vi
1226 1081 1469 1145 maiore
1506 1082 1770 1166 adgredi
1808 1082 2053 1147 urbem.
2125 1083 2281 1166 ipse,

261 1174 337 1235 ut
383 1169 444 1234 ei
486 1170 860 1235 nuntiatum
906 1173 1007 1235 est
1043 1173 1292 1235 aestum
1331 1169 1658 1253 decedere,
1704 1169 1874 1254 quod
1917 1192 2035 1252 per
2077 1171 2281 1254 pisca·

264 1262 435 1324 tores
483 1258 1000 1323 Tarraconenses
1055 1279 1226 1323 nunc
1281 1257 1534 1321 levibus
1591 1257 1867 1338 cumbiS,
1924 1278 2124 1340 nunc,
2169 1258 2282 1321 ubi

264 1368 378 1412 eae
444 1346 755 1425 siderent,
828 1345 1007 1409 vadis
1071 1347 1459 1428 pervagatos
1535 1348 1839 1428 stagnum
1903 1307 2280 1425 conpe'rtum

263 1433 578 1515 habebat,
608 1432 866 1496 facilem
901 1432 1173 1516 pedibus
1212 1431 1292 1496 ad
1329 1453 1584 1496 murum
1620 1431 1966 1495 transitum
2004 1432 2170 1514 dari,
2207 1454 2282 1497 eo

267 1541 485 1586 secum
531 1523 818 1585 armatos
872 1522 1228 1603 quinyentos
1284 1519 1482 1584 duxit.
1571 1519 1856 1584 medium
1910 1519 2112 1583 ferme
2157 1520 2283 1584 diei

267 1612 430 1691 erat,
477 1612 542 1672 et
587 1608 685 1678 ad
712 1607 805 1692 id,
852 1608 1020 1692 quod
1062 1630 1179 1672 sua
1215 1610 1447 1690 sponte
1485 1606 1801 1672 cedente
1782 1630 1849 1672 111
1885 1628 2062 1672 mare
2100 1612 2283 1673 aestu

265 1697 689 1786 11101101)1113111]Μ
692 1717 891 1788 aqua
934 1717 1081 1761 acer
1127 1697 1325 1761 etiam
1372 1697 1751 1779 septemtrio
1791 1699 1969 1761 ortus
2016 1696 2284 1761 inclina·

265 1791 406 1850 tum
454 1789 756 1869 stagnum
790 1781 1016 1849 eodem
1064 1807 1188 1868 quo
1237 1787 1452 1849 aestus
1499 1784 1749 1849 ferebat
1795 1786 1862 1849 et
1897 1785 2054 1850 adeo
2090 1786 2285 1850 nuda—

266 1876 450 1938 verat
493 1874 683 1955 vada,
737 1875 809 1937 ut
852 1874 1010 1937 alibi
1056 1873 1362 1938 umbilico
1418 1877 1606 1937 tenus
1667 1894 1836 1958 aqua
1882 1876 2079 1956 esset,
2124 1874 2284 1938 alibi

267 1984 478 2064 genua
522 1963 630 2026 vix
677 1966 1025 2044 superaret.
1100 1962 1225 2026 11οο
1269 1984 1422 2026 cura
1466 1983 1541 2025 ac
1588 1963 1836 2026 ratione
1885 1966 2284 2045 compertum

268 2052 339 2114 in
373 2049 743 2133 prodigium
781 2069 855 2114 ac
892 2050 1043 2113 deos
1081 2053 1340 2114 vertens
1381 2048 1627 2133 Scipio,
1674 2050 1783 2131 qui
1819 2048 1901 2113 ad
1937 2050 2286 2114 transitum

266 2138 579 2203 Romanis
626 2158 803 2202 mare
857 2140 1182 2202 verterent
1234 2132 1301 2203 et
1347 2140 1581 2220 stagna
1635 2136 1960 2201 auferrent
2020 2138 2286 2221 viasque

269 2230 419 2291 ante
464 2247 814 2309 numquam
852 2225 1049 2290 initas
1086 2225 1372 2291 humano
1407 2225 1684 2326 vestigio
1728 2226 2076 2309 aperirent,
2112 2225 2286 2309 Nep·

268 2321 496 2379 tunum
541 2313 807 2378 iubebat
853 2313 1076 2378 ducem
1122 2313 1377 2378 itineris
1434 2314 1617 2397 sequi
1671 2334 1747 2378 ac
1790 2313 2000 2378 medio
2049 2317 2285 2398 stagno

270 2403 535 2469 evadere
572 2402 654 2467 ad
690 2403 963 2467 moenia.
1051 2401 1279 2468 XLVI.
1325 2402 1409 2468 ab
1446 2405 1623 2467 terra
1656 2401 1886 2487 ingens
1924 2402 2107 2467 labor
2145 2424 2286 2468 suc-

270 2491 643 2557 eedentibus
700 2494 868 2573 erat3
920 2512 1040 2555 nec
1096 2492 1439 2555 altitudine
1493 2493 1750 2555 tantum
1797 2493 2121 2555 moenium
2166 2491 2287 2555 im-

194 2602 207 2647 1
266 2578 719 2664 pediebantur,
757 2577 868 2641 sed
896 2577 1067 2660 quod
1104 2599 1137 2640 e
1173 2579 1448 2642 tum‘bus
1473 2578 1822 2660 puynantis
1861 2579 1942 2641 ad
1972 2579 2286 2661 ancipites

202 2650 210 2749 ἶ
269 2664 804 2749 utrimque‘ictus
850 2665 1176 2729 subiectos
1214 2664 1543 2728 habebant
1577 2664 1937 2748 Romanos,
1973 2670 2048 2728 ut
2081 2666 2287 2729 latera

204 2820 211 2843 Ι
269 2754 611 2818 infestiora
665 2753 1088 2817 subeuntibus
1146 2774 1339 2835 quam
1401 2751 1673 2817 adversa
1727 2772 2000 2834 corpora
2056 2758 2288 2819 essent.

271 2846 340 2906 at
400 2844 584 2924 parte
648 2840 720 2904 in
783 2841 912 2905 alia
976 2840 1347 2925 quingentis
1412 2843 1478 2903 et
1540 2861 1657 2925 per
1721 2844 2025 2925 stagnum
2078 2840 2286 2906 facilis

267 2930 583 2993 transitus
631 2932 697 2992 et
742 2929 810 2992 in
857 2950 1112 2992 murum
1160 2949 1461 2992 ascensus
1507 2928 1655 2992 inde
1698 2928 1849 3010 fuit3
1894 2951 2045 2993 nam
2080 2950 2287 3013 neque

272 3038 464 3100 opere
510 3017 835 3081 emunitus
875 3022 1043 3099 erat,
1080 3019 1154 3080 ut
1190 3016 1303 3079 ubi
1338 3016 1542 3100 ipsius
1578 3017 1706 3081 loci
1743 3037 1818 3081 ac
1856 3016 2075 3101 stagni
2111 3039 2290 3101 prae-

272 3105 437 3169 sidio
482 3104 641 3169 satis
689 3104 1002 3169 creditum
1045 3104 1242 3188 foret,
1282 3122 1419 3169 ‘nec
1461 3104 1599 3169 ulla
1645 3108 2042 3170 armatorum
2089 3106 2287 3170 statio

271 3197 387 3257 aut
442 3191 733 3258 custodia
787 3193 1091 3277 opposita
1141 3193 1413 3257 intentis
1474 3193 1773 3257 omnibus
1829 3193 1910 3258 ad
1966 3214 2156 3276 opem
2211 3214 2286 3258 eo

270 3281 627 3363 ferendam,
688 3279 856 3345 unde
909 3280 1264 3363 periculum
1319 3280 1796 3347 ostendebatur.
1898 3280 2009 3346 ubi
2063 3282 2287 3346 urbem

271 3370 410 3434 sine
448 3369 795 3434 certamine
830 3369 1173 3451 intravere,
1206 3373 1488 3453 pergunt
1522 3368 1690 3451 inde,
1727 3373 1968 3453 quanto
2007 3369 2288 3434 maximo

270 3479 461 3522 cursu
497 3461 821 3541 poterant,
859 3458 941 3522 ad
979 3478 1119 3522 eam
1156 3461 1440 3541 portam,
1478 3458 1650 3524 circa
1682 3479 1878 3541 quam
1916 3479 2102 3523 omne
2142 3480 2289 3523 con-

2323 1974 2355 2020 9

2326 3292 2358 3341 3

269 3549 553 3611 tractum
602 3548 927 3611 certamen
973 3550 1128 3611 erat.
1203 3547 1272 3610 in
1319 3545 1489 3630 quod
1529 3546 1686 3611 adeo
1724 3545 1959 3611 intenti
1999 3547 2286 3612 omnium
2326 3558 2358 3606 4
