2654 3913
620 216 835 269 LIBER
869 216 1062 272 XXVI.
1139 216 1288 274 CAP.
1329 225 1412 272 24.
1452 223 1535 273 25.
1612 226 1685 289 [a.
1724 223 1784 273 c.
1822 222 1953 291 211]
2157 222 2281 284 141

272 362 495 444 lorum,
533 360 1032 426 adfirmaverunt
1063 362 1448 427 auctoritate
1487 385 1620 444 sua,
1650 362 1898 427 minore
1930 385 2073 428 cum
2111 386 2287 428 vere-

272 449 501 513 cundia
547 454 613 514 et
657 448 898 514 maiore
945 471 1091 514 cum
1136 450 1261 514 fide
1305 452 1433 515 vim
1483 451 2016 534 maiestatemque
2063 453 2288 534 populi

268 538 548 601 Romani
607 539 1006 602 extollentes.
1111 538 1389 602 maxime
1448 542 1670 603 tamen
1731 560 1877 622 spes
1938 539 2285 622 potiundae
2322 550 2356 598 8

269 627 570 691 movebat
624 625 1048 690 Acarnaniae.
1139 626 1342 710 igitur
1402 628 1799 711 conscriptae
1866 627 2287 709 condicioneS,

269 715 498 797 quibus
527 714 596 778 in
627 714 981 778 amicitiam
1010 714 1509 799 societatemque
1546 715 1769 799 populi
1797 715 2075 779 Romani
2111 716 2287 780 veni·

266 806 438 886 rent,
495 802 934 885 additumque,
999 806 1101 886 ut,
1161 803 1217 866 si
1269 803 1554 886 placeret
1607 804 1996 887 vellentque,
2063 802 2286 868 eodem
2325 815 2356 862 9

268 892 406 955 iure
435 890 760 955 amicitiae
788 889 933 953 Elei
963 889 1577 975 Lacedaemoniique
1619 893 1684 956 et
1715 891 1975 957 Attalus
2010 896 2074 957 et
2101 891 2286 957 Pleu-

267 983 451 1043 ratus
499 981 565 1042 et
611 977 1048 1043 Scerdilaedus
1106 982 1347 1061 essent,
1392 980 1589 1044 Asiae
1633 978 1924 1063 Attalus,
1969 980 2040 1044 hi
2084 980 2287 1045 Thra-

269 1088 417 1139 cum
473 1070 540 1131 et
584 1064 960 1150 Illyriorum
1014 1087 1230 1153 reges;
1283 1068 1525 1132 bellum
1581 1072 1655 1133 ut
1700 1068 2019 1152 extemplo
2067 1067 2288 1134 Aetoli
2328 1080 2392 1127 10

267 1176 411 1219 cum
449 1154 755 1238 Philippo
797 1159 972 1219 terra
1010 1159 1334 1239 gererent3
1371 1156 1645 1221 navibus
1680 1179 1762 1221 ne
1799 1159 2013 1221 minus
2050 1156 2287 1242 viginti

268 1243 546 1327 quinque
603 1244 1166 1328 quinqueremibus
1224 1244 1557 1308 adiuvaret
1612 1243 1973 1328 Romanus3
2030 1246 2285 1310 urbium
2326 1256 2386 1303 11

269 1329 586 1413 Corcyrae
639 1335 828 1395 tenus
885 1331 967 1395 ab
1027 1331 1285 1395 Aetolia
1340 1331 1692 1413 incipienti
1729 1333 1935 1395 solum
1989 1336 2286 1415 tectaque

267 1425 335 1483 et
372 1418 542 1482 muri
569 1439 716 1482 cum
745 1417 921 1501 agris
949 1417 1359 1500 Aetolorum,
1399 1418 1528 1481 alia
1556 1419 1765 1481 omnis
1795 1419 2033 1501 praeda
2059 1419 2286 1503 populi

267 1506 550 1570 Romani
596 1508 792 1586 esset,
838 1505 1191 1588 darentque
1228 1526 1490 1587 operam
1531 1505 1833 1588 Romani,
1884 1510 1958 1570 ut
2003 1506 2286 1570 Acarna·

268 1595 445 1658 niam
492 1592 712 1657 Aetoli
758 1593 1103 1675 haberent3
1151 1592 1208 1656 si
1252 1593 1475 1658 Aetoli
1523 1614 1745 1676 pacem
1790 1615 1935 1658 cum
1980 1592 2281 1678 Philippo
2322 1608 2388 1654 12

271 1682 580 1765 facerent,
617 1681 862 1745 foederi
899 1681 1337 1747 adscriberent
1371 1681 1467 1746 ita
1502 1684 1712 1746 ratam
1758 1682 1897 1747 fore
1933 1704 2185 1767 pacem,
2231 1684 2287 1748 si

269 1769 610 1854 Philippus
663 1791 843 1834 arma
901 1770 983 1834 ab
1029 1769 1340 1834 Romanis
1398 1770 1717 1853 sociisque
1774 1771 2009 1855 quique
2065 1793 2286 1836 eorum

271 1859 542 1924 dicionis
581 1861 796 1924 essent
831 1857 1280 1943 abstinuisset3
1326 1860 1511 1942 item,
1549 1859 1607 1923 si
1641 1861 1914 1943 populus
1952 1860 2285 1925 Romanus
2328 1872 2390 1919 13

269 1947 524 2012 foedere
569 1948 946 2031 iungeretur
990 1946 1157 2032 regi,
1200 1948 1275 2011 ut
1311 1950 1593 2030 caveret,
1637 1969 1717 2011 ne
1763 1949 1863 2012 ius
1903 1948 1961 2012 ei
1998 1948 2153 2012 belli
2190 1950 2285 2013 in·

269 2035 520 2099 ferendi
563 2034 815 2099 Aetolis
863 2035 1181 2117 sociisque
1229 2056 1454 2099 eorum
1501 2038 1687 2099 esset.
1768 2036 1926 2099 haec
1973 2057 2287 2100 convene-
2328 2048 2394 2095 14

272 2126 424 2187 runt
469 2120 958 2205 conscriptaque
1004 2121 1267 2186 biennio
1311 2127 1466 2204 post
1504 2120 1838 2205 Olympiae
1890 2123 1970 2186 ab
2013 2122 2288 2207 Aetolis,

273 2212 341 2276 in
396 2208 722 2294 Capitolio
781 2209 862 2274 ab
917 2209 1255 2293 Romanis,
1309 2213 1384 2274 ut
1436 2212 1680 2274 testata
1737 2210 2008 2275 sacratis
2064 2232 2288 2276 monu-

273 2301 507 2365 mentis
555 2302 796 2381 essent,
852 2301 1004 2363 sunt
1046 2298 1279 2382 posita.
1370 2320 1589 2363 morae
1643 2321 1835 2364 causa
1888 2298 2145 2364 fuerant
2189 2321 2285 2364 re·
2327 2310 2392 2359 15

270 2389 434 2453 tenti
499 2387 742 2453 Romae
808 2387 1049 2452 diutius
1114 2386 1313 2471 legati
1378 2387 1778 2453 Aetolorum.
1884 2409 2002 2453 nec
2065 2391 2286 2453 tamen

271 2477 729 2559 impedimento
768 2475 833 2539 id
868 2476 1062 2540 rebus
1101 2475 1397 2559 gerendis
1424 2476 1579 2540 fuit:
1622 2480 1687 2540 et
1717 2475 1931 2540 Aetoli
1962 2477 2285 2560 extemplo

274 2566 613 2635 moverunt
650 2563 952 2627 adversus
990 2563 1363 2645 Philippum
1400 2563 1668 2645 bellum,
1712 2567 1777 2626 et
1812 2562 2131 2627 Laevinus
2169 2564 2286 2627 Za-

273 2651 587 2736 cynthum
615 2685 701 2696 —
730 2670 929 2733 parva
956 2648 1171 2712 insula
1199 2653 1299 2712 est
1324 2649 1688 2732 propinqua
1716 2649 2031 2733 Aetoliae,
2062 2650 2288 2714 urbem

273 2762 467 2805 unam
496 2737 738 2821 eodem,
769 2758 893 2820 quo
919 2737 1065 2819 ipsa
1092 2740 1210 2820 est,
1235 2736 1494 2800 nomine
1521 2737 1719 2800 habet
1739 2771 1842 2819 -—,
1862 2757 2003 2800 eam
2028 2740 2289 2820 praeter

274 2849 488 2893 arcem
514 2827 581 2891 vi
608 2827 779 2910 cepit
807 2829 873 2889 et
892 2823 1210 2889 Oeniadas
1233 2821 1608 2907 Nasumque
1628 2825 2039 2888 Acarnanum
2065 2828 2289 2908 captas

273 2914 527 2979 Aetolis
559 2913 937 2997 contribuit;
964 2911 1465 2996 Philippumque
1493 2911 1655 2976 satis
1683 2911 2085 2995 implicatum
2112 2912 2288 2978 bello
2331 2925 2394 2973 16

275 3001 547 3066 finitimo
601 3006 811 3086 ratuS,
867 3023 948 3065 ne
1002 2998 1264 3064 Italiam
1319 2998 1697 3085 Poenosque
1762 3004 1828 3065 et
1891 3005 2083 3084 pacta
2144 3024 2288 3067 cum

275 3089 639 3154 Hannibale
685 3093 908 3173 posset
951 3089 1294 3172 respicere,
1343 3086 1687 3172 Corcyram
1733 3089 1872 3173 ipse
1920 3111 1987 3154 se
2031 3090 2290 3174 recepit.

452 3176 657 3242 XXV.
715 3177 1019 3260 Philippo
1066 3166 1446 3242 Aetolorum
1492 3177 1764 3242 defectio
1810 3177 2029 3243 Pellae
2073 3178 2291 3242 hiber·
2332 3192 2352 3236 1

183 3343 186 3349 ,
273 3264 461 3331 nanti
517 3265 735 3330 adlata
788 3269 906 3330 est.
1005 3266 1248 3350 itaque,
1311 3266 1463 3349 quia
1527 3265 1737 3348 primo
1796 3286 1944 3330 vere
1998 3269 2289 3330 moturus

277 3355 627 3420 exercitum
682 3353 751 3418 in
797 3352 1138 3419 Graeciam
1184 3357 1350 3437 erat,
1402 3358 1475 3417 ut
1516 3353 1778 3435 Illyrios
1833 3353 2291 3438 finitumasque
2328 3367 2359 3413 2

275 3443 368 3507 eis
414 3443 605 3508 urbes
662 3442 743 3508 ab
797 3446 984 3528 tergo
1039 3444 1218 3506 metu
1279 3442 1532 3525 quietas
1578 3440 1959 3507 Macedonia
2004 3441 2291 3526 haberet,

238 3612 241 3615 Ι
276 3531 751 3615 expeditionem
796 3532 1077 3597 subitam
1125 3530 1192 3595 in
1229 3528 1634 3596 Oricinorum
1683 3535 1874 3617 atque
1911 3530 2293 3616 Apollonia-
