2654 3913
287 204 374 265 22
578 201 794 255 LIBER·
829 201 1024 257 XXIV.
1102 203 1252 257 CAP.
1302 209 1379 257 19.
1419 209 1501 257 20.
1581 202 1654 272 [a.
1693 200 1755 254 U.
1796 218 1841 255 c.
1880 201 2010 270 540]

286 366 553 429 operum
599 345 1275 430 machinationumque
1321 366 1558 428 genera
1603 365 1748 408 cum
1794 343 2303 427 admoverentur,

287 430 732 520 Campanique
785 434 1057 500 Fabium
1114 441 1394 515 orarent,
1451 435 1525 497 ut
1580 432 1757 496 abire
1814 428 2105 514 Capuam
2159 434 2305 496 tuto

214 534 249 582 9
290 523 540 608 liceret,
591 524 812 608 paucis
870 522 1144 608 egressis
1200 520 1546 585 Marcellus
1600 521 1882 602 portam,
1945 541 2074 603 qua
2129 539 2305 603 egre-

289 613 643 695 diebantur,
674 611 1028 695 occupavit,
1057 608 1403 691 caedesque
1428 607 1794 691 promiscue
1821 608 2110 672 omnium
2137 608 2306 673 circa

289 705 549 784 portam
592 700 830 783 prim0,
887 698 1110 762 deinde
1155 696 1524 779 inruptione
1569 695 1745 762 facta
1789 696 1986 760 etiam
2033 696 2104 760 in
2150 696 2306 759 urbe

188 799 255 849 10
292 788 430 853 fieri
468 789 695 867 coepta
734 790 851 851 est.
921 785 1391 871 quinquaginta
1425 782 1562 848 fere
1597 784 1809 869 primo
1848 785 2093 868 egressi
2122 781 2301 850 Cam-

289 893 632 958 panorum,
679 894 825 936 cum
864 872 942 935 ad
978 872 1254 936 Fabium
1295 872 1763 957 confugissent,
1807 873 2130 956 praesidio
2169 873 2307 939 eius

291 958 579 1042 Capuam
606 964 1051 1043 pervenerunt.
1097 958 1461 1025 Casilinum
1488 962 1661 1025 inter
1689 961 2028 1047 conloquia
2058 964 2313 1028 cuncta-

288 1049 659 1132 tionemque
695 1049 1059 1131 petentium
1094 1048 1280 1113 fidem
1320 1071 1438 1132 per
1466 1049 1871 1115 occasionem
1899 1053 2161 1133 captum
2192 1053 2309 1128 est,

187 1149 213 1198 1
225 1150 248 1196 1
290 1136 656 1220 captivique
673 1135 1148 1220 Campanorum
1165 1137 1403 1221 quique
1417 1136 1805 1202 Hannibalis
1824 1138 2105 1202 militum
2124 1141 2311 1202 erant

287 1223 565 1289 Romam
611 1224 799 1289 missi
845 1229 1035 1311 atque
1080 1224 1173 1288 ibi
1219 1225 1288 1288 in
1329 1246 1581 1290 carcere
1617 1225 1856 1291 inclusi
1902 1231 2079 1311 sunt3
2126 1227 2309 1309 oppi-

291 1313 603 1378 danorum
629 1314 822 1378 turba
848 1334 962 1396 per
989 1312 1299 1378 finitimos
1321 1315 1597 1397 populos
1618 1314 1688 1378 in
1706 1313 2066 1379 custodiam
2087 1314 2309 1380 divisa.

222 1412 250 1460 1
466 1400 612 1470 XX.
672 1402 921 1479 Quibus
967 1400 1191 1465 diebus
1239 1424 1278 1466 a
1327 1400 1617 1468 Casilino
1663 1424 1732 1466 re
1778 1403 1941 1468 bene
1989 1405 2174 1487 gesta
2216 1425 2311 1468 re-

295 1514 548 1557 cessum
595 1494 719 1576 est,
766 1491 856 1555 eis
903 1488 1228 1556 Gracchus
1275 1491 1347 1556 in
1392 1490 1670 1557 Lucanis
1717 1491 1967 1576 aliquot
2013 1492 2312 1557 cohortes

293 1582 365 1647 in
426 1604 500 1646 ea
558 1581 820 1664 regione
884 1578 1282 1661 conscriptas
1350 1602 1494 1644 cum
1553 1578 1880 1663 praefecto
1941 1581 2185 1645 socium
2245 1581 2315 1644 in

223 1678 257 1727 2
298 1689 491 1752 agros
545 1668 832 1732 hostium
890 1667 1269 1749 praedatum
1333 1668 1530 1731 misit.
1629 1688 1738 1731 eos
1799 1666 1997 1731 effuse
2053 1668 2313 1750 palatos

293 1756 527 1820 Hanno
577 1754 838 1819 adortus
884 1753 1054 1820 haud
1099 1754 1306 1818 multo
1354 1755 1695 1836 minorem,
1741 1774 1935 1839 quam
1983 1753 2066 1818 ad
2111 1753 2312 1819 Bene-

294 1846 560 1908 ventum
589 1847 948 1927 acceperat,
983 1842 1262 1908 reddidit
1296 1842 1472 1906 hosti
1511 1841 1760 1906 cladem
1798 1845 1989 1925 atque
2026 1841 2095 1905 in
2121 1840 2313 1906 Brut-

226 1941 259 1991 3
297 1932 423 1997 tios
461 1930 727 2015 raptim,
763 1952 844 1995 ne
883 1929 1209 1997 Gracchus
1248 1929 1728 2015 adsequeretur,
1766 1929 2104 1996 concessit.
2166 1951 2313 1996 con-

298 2020 471 2086 sules
535 2019 879 2084 Marcellus
942 2024 1114 2084 retro
1125 2070 1142 2103 ,
1205 2018 1372 2084 unde
1437 2022 1728 2104 venerat,
1792 2016 2031 2084 Nolam
2091 2019 2315 2108 rediit3

297 2108 536 2176 Fabius
564 2108 633 2171 in
663 2105 984 2173 Samnites
1023 2108 1102 2172 ad
1130 2106 1531 2190 populandos
1570 2128 1762 2193 agros
1789 2107 2315 2194 recipiendasque

225 2208 262 2256 4
301 2197 498 2263 armis
529 2218 691 2280 quae
720 2196 1083 2260 defecerant
1110 2195 1303 2259 urbes
1331 2195 1666 2276 processit.
1716 2193 2039 2260 Caudinus
2062 2194 2314 2262 Samnis

302 2285 562 2373 gravius
600 2284 998 2348 devastatus:
1035 2282 1284 2365 perusti
1320 2283 1455 2347 late
1485 2284 1651 2366 agri,
1687 2283 1963 2366 praedae
1999 2283 2315 2366 pecudum

231 2384 263 2433 5
302 2374 757 2457 hominumque
801 2374 1006 2453 actae3
1049 2369 1288 2453 oppida
1322 2370 1387 2434 vi
1426 2374 1616 2457 capta
1652 2367 2099 2455 Conpulteria,
2135 2372 2318 2437 Tele·

304 2463 427 2546 sia,
465 2459 746 2543 Compsa
781 2459 955 2542 inde;
989 2456 1332 2541 Fugifulae
1371 2471 1434 2523 et
1463 2455 1870 2523 Orbitanium
1910 2479 1986 2523 ex
2013 2457 2319 2546 Lucani13

233 2563 265 2610 6
302 2548 552 2614 Blanda
589 2552 654 2613 et
681 2545 1043 2631 Apulorum
1071 2545 1283 2611 Aecae
1319 2567 1403 2628 op
1454 2548 1750 2630 ugnatae.
1814 2547 1997 2611 milia
2031 2547 2320 2614 hostium

302 2640 372 2701 in
415 2637 518 2701 his
557 2636 825 2700 urbibus
863 2635 1097 2720 viginti
1133 2634 1417 2719 quinque
1456 2637 1647 2718 capta
1688 2638 1802 2700 aut
1837 2636 2075 2719 occisa,
2121 2641 2187 2700 et
2223 2660 2321 2701 re-

304 2726 473 2809 cepti
517 2724 826 2809 perfugae
869 2722 1143 2787 trecenti
1179 2722 1616 2809 septuaginta3
1664 2744 1823 2807 quos
1862 2745 2007 2788 cum
2041 2723 2320 2789 Romam

305 2814 591 2878 misisset
636 2813 888 2895 consul,
941 2811 1141 2895 virgis
1198 2811 1268 2874 in
1321 2811 1598 2898 comitio·
1635 2810 1806 2875 caesi
1851 2832 2074 2875 omnes
2122 2832 2199 2876 ac
2245 2812 2322 2877 de

237 2913 267 2961 7
310 2922 462 2966 saxo
509 2900 757 2965 deiecti.
820 2899 981 2964 haec
1019 2921 1057 2963 a
1095 2896 1168 2973 Q.
1205 2896 1411 2962 Fabio
1450 2898 1624 2963 intra
1658 2918 1897 2981 paucos
1922 2898 2070 2963 *dies
2118 2902 2324 2984 gesta.

306 2989 688 3053 Marcellum
735 2987 816 3053 ab
863 2985 1169 3072 gerundis
1212 2984 1405 3050 rebus
1451 2986 1751 3051 valetudo
1799 2986 2071 3051 adversa
2111 2985 2322 3052 Nolae

235 3089 269 3137 8
309 3077 536 3142 tenuit.
609 3079 675 3141 et
711 3097 751 3140 a
785 3078 1081 3161 praetore
1111 3072 1184 3149 Q.
1211 3072 1445 3157 Fabio,
1479 3074 1582 3138 cui
1618 3074 1787 3139 circa
1813 3071 2150 3141 Luceriam
2178 3099 2326 3160 pro-

307 3165 520 3231 vincia
575 3166 739 3249 erat,
794 3163 1010 3228 Acuca
1063 3160 1371 3245 oppidum
1423 3183 1538 3244 per
1592 3182 1701 3227 eos
1757 3162 1892 3228 dies
1947 3163 2013 3227 vi
2069 3168 2327 3249 captum

309 3254 674 3337 stativaque
721 3253 801 3317 ad
846 3251 1180 3316 Ardaneas
1228 3250 1639 3315 communita.

241 3356 273 3401 9
489 3342 663 3406 Dum
709 3340 894 3425 haec,
939 3340 1073 3405 alia
1109 3338 1256 3402 aliis
1297 3338 1486 3421 locis,
1533 3338 1615 3403 ab
1651 3338 1961 3405 Romanis
2001 3342 2330 3425 geruntur,

311 3432 444 3494 iam
460 3429 810 3495 Tarentum
824 3430 1203 3513 pervenerat
1216 3425 1552 3491 Hannibal
1568 3449 1714 3492 cum
1730 3426 2008 3492 maxima
2024 3426 2330 3513 omnium,

211 3531 278 3580 10
320 3538 718 3603 quacumque
744 3519 937 3601 ierat,
967 3515 1173 3600 clade3
1200 3516 1270 3579 in
1297 3515 1646 3582 Tarentino
1675 3516 1928 3580 demum
1960 3534 2117 3598 agro
2146 3537 2332 3598 paca-
