2654 3913
370 236 497 298 112
697 236 912 289 LIBER.
946 236 1140 289 XXVI.
1216 235 1367 290 CAP.
1411 243 1456 292 1.
1495 243 1545 290 2.
1622 237 1697 307 [a.
1736 235 1801 292 U.
1841 253 1886 289 c.
1928 238 2059 308 543]

367 378 607 443 decreti
673 379 1143 465 adiectumque,
1196 401 1278 445 ne
1333 402 1373 445 a
1426 377 1671 463 Capua,
1724 400 1920 462 quam
1976 377 2385 462 obsidebant,

298 478 331 526 8
370 466 788 531 abscederent
842 468 1023 550 prius
1081 489 1274 552 quam
1331 471 1828 551 expugnassent.
1918 488 1995 532 ea
2043 469 2186 530 tum
2234 489 2387 531 cura

369 554 648 618 maxime
687 556 973 642 intentos
1001 554 1287 620 habebat
1312 555 1670 640 RomanOS,
1705 576 1837 620 non
1873 556 1956 620 ab
1986 555 2083 619 ira
2111 557 2386 637 tantum,

370 664 536 724 quae
582 643 649 706 in
680 639 975 707 ‘nullaffi‘
988 665 1294 727 umquam
1342 644 1671 709 civitatem
1716 643 1950 707 iustior
1995 642 2145 725 fuit,
2192 662 2385 724 quam

299 742 334 790 4
371 730 539 812 quod
584 731 740 795 urbs
785 735 923 795 tam
958 732 1198 797 nobilis
1237 752 1312 796 ac
1348 735 1606 815 potens,
1653 713 1872 796 sici'ff'
1866 730 2220 796 defectione
2267 750 2385 793 sua

370 822 658 881 traxerat
696 818 780 880 ali
830 821 945 883 uot
978 820 1254 901 populos
1266 869 1282 900 ‚
1319 820 1414 883 ita
1450 823 1710 902 recepta
1746 819 2136 884 inclinatura
2161 838 2382 881 rursus

301 917 335 963 5
373 903 621 967 animos
649 926 715 967 vi
762 926 794 968 e
844 910 991 968 atur
1019 906 1100 969 ad
1127 906 1363 970 veteris
1392 907 1650 989 imperii
1675 910 1967 1007 respecti}⁴
1973 929 2054 986 ni.
2113 908 2177 969 et
2201 925 2384 988 prae-

370 990 621 1054 toribus
653 991 888 1073 prioris
919 992 1097 1074 anni,
1134 991 1219 1056 M.
1246 992 1435 1057 Iunio
1473 994 1542 1056 in
1573 993 1868 1076 Etruria,
1905 993 1975 1057 P.
2005 991 2385 1076 Sempronio

371 1080 439 1141 in
479 1076 717 1160 Gallia,
763 1099 908 1142 cum
953 1078 1125 1142 binis
1161 1079 1555 1163 legionibus,
1603 1101 1760 1162 quas
1804 1080 2197 1163 habuerant,
2243 1102 2389 1163 pro-

191 1186 198 1196 ·
300 1177 334 1225 6
369 1168 673 1249 rogatum
729 1171 828 1230 est
880 1165 1247 1249 imperium3
1310 1170 1735 1252 prorogatum
1796 1169 1863 1230 et
1916 1166 2004 1231 M.
2056 1166 2389 1249 MarceIIO,

370 1256 445 1317 ut
499 1274 618 1336 pro
676 1255 932 1319 consule
987 1255 1055 1318 in
1113 1253 1337 1319 Sicilia
1389 1254 1503 1318 rel'
1557 1276 1640 1318 ua
1697 1253 1857 1318 belli
1915 1253 2249 1337 perficeret
2310 1276 2386 1318 eo

303 1352 334 1402 7
374 1342 681 1425 exercitu,
720 1364 910 1427 quem
944 1342 1239 1426 haberet3
1267 1342 1324 1406 si
1354 1276 1797 1426 suffplemento
1826 1363 1988 1425 opus
2017 1345 2204 1424 esset,
2241 1363 2389 1425 sup—

371 1431 582 1513 pleret
625 1431 702 1494 de
757 1430 1119 1515 legionibus
1129 1461 1175 1515 ,·
1202 1431 1436 1516 quibus
1489 1431 1559 1496 P.
1608 1427 1947 1495 Cornelius
2004 1433 2390 1515 propraetor

301 1528 336 1577 8
374 1518 443 1580 in
489 1516 711 1583 Sicilia
755 1524 1110 1603 praeesset,
1157 1519 1308 1583 dum
1355 1541 1437 1582 ne
1485 1540 1673 1601 quem
1713 1519 1989 1583 militem
2025 1519 2273 1603 legeret
2310 1539 2388 1582 ex

375 1626 450 1669 eo
497 1628 798 1689 1111111010,
854 1607 1087 1689 quibus
1144 1613 1408 1670 senatus
1454 1606 1826 1670 missionem
1871 1606 2276 1689 reditumque
2321 1607 2391 1669 in

301 1705 334 1751 9
372 1693 652 1775 patriam
708 1696 1007 1775 negasset
1062 1697 1212 1756 ante
1268 1693 1427 1757 belli
1482 1694 1693 1757 finem.
1786 1691 1857 1757 O.
1912 1692 2226 1775 SulpiciO,
2284 1695 2391 1757 cui

374 1778 590 1841 Sicilia
662 1784 995 1860 evenerat,
1059 1779 1222 1842 duae
1293 1778 1617 1862 legiones,
1689 1800 1850 1862 quas
1921 1778 1993 1843 P.
2046 1776 2387 1843 Cornelius

371 1864 733 1949 habuisset,
789 1865 1081 1930 decretae
1132 1870 1198 1931 et
1251 1866 1767 1949 supplementum
1795 1864 1893 1930 ·de
1941 1865 2222 1931 exercitu
2271 1864 2387 1931 Cn.

372 1951 612 2038 Fulvii,
649 1954 761 2038 qui
796 1954 1011 2038 priore
1048 1976 1217 2019 anno
1256 1954 1324 2019 in
1356 1953 1597 2038 Apulia
1630 1953 1814 2019 foede
1843 1976 2064 2020 caesus
2092 1953 2387 2041 fugatus-

271 2054 338 2103 10
375 2064 495 2125 que
542 2047 699 2108 erat.
783 2042 935 2107 huic
979 2044 1201 2128 generi
1246 2043 1528 2107 militum
1575 2046 1836 2108 senatus
1881 2043 2151 2107 eundem
2199 2064 2388 2126 quem

376 2128 823 2196 Cannensibus
868 2131 1059 2196 finem
1109 2135 1428 2196 statuerat
1478 2131 1766 2196 militiae.
1856 2131 2148 2195 additum
2192 2132 2385 2195 etiam

375 2222 792 2300 utrorumque
837 2218 1230 2301 ignominiae
1277 2222 1403 2301 est,
1445 2240 1527 2282 ne
1571 2218 1641 2281 in
1682 2217 1934 2302 oppidis
1970 2219 2389 2282 hibernarent

372 2325 532 2368 neve
570 2305 842 2367 hiberna
877 2306 1143 2388 propius
1181 2305 1382 2373 ullam
1417 2306 1644 2369 urbem
1686 2305 1902 2368 decem
1942 2304 2204 2367 milibus
2242 2326 2385 2385 pas·

274 2404 335 2452 11
376 2412 557 2454 suum
591 2390 1014 2473 aedificarent.
1060 2390 1131 2455 L.
1155 2388 1455 2454 Cornelio
1484 2391 1553 2452 in
1582 2388 1880 2468 Sardinia
1904 2390 2068 2454 duae
2095 2391 2384 2475 legiones

375 2477 589 2562 datae,
634 2478 862 2561 quibus
910 2476 985 2554 Q.
1021 2476 1269 2542 Mucius
1307 2477 1704 2561 praefuerat3
1745 2478 2291 2561 supplementum,
2330 2481 2385 2543 si

274 2580 337 2628 12
377 2588 536 2650 opus
584 2569 782 2648 esset,
827 2567 1121 2631 consules
1169 2565 1446 2630 scribere
1491 2565 1671 2630 iussi.
1741 2564 1818 2630 T.
1859 2564 2141 2631 Otacilio
2189 2572 2256 2631 et
2300 2566 2388 2633 M.

374 2654 639 2720 Valerio
674 2651 928 2720 Siciliae
966 2653 1400 2737 Graeciaeque
1437 2675 1552 2719 ora
1589 2675 1735 2718 cum
1770 2654 2134 2738 legionibus
2173 2656 2389 2719 classi-

376 2744 639 2827 busque,
659 2744 890 2826 quibus
910 2745 1267 2827 praeerant,
1286 2741 1604 2827 decretae3
1625 2742 2094 2826 quinquaginta
2114 2740 2390 2806 Graecia

378 2853 522 2896 cum
548 2831 802 2916 legione
832 2852 960 2896 una
971 2881 989 2915 ,
1027 2836 1282 2896 centum
1310 2827 1531 2895 Sicilia
1566 2850 1711 2894 cum
1737 2829 1986 2893 duabus
2022 2829 2386 2912 legionibus

278 2933 341 2980 13
376 2919 710 2983 habebant
752 2940 965 2983 naves.
1039 2919 1249 2982 tribus
1295 2921 1362 2980 et
1405 2916 1639 3000 viginti
1674 2915 2039 3000 legionibus
2075 2915 2386 2982 Romanis

379 3027 454 3070 eo
502 3026 669 3070 anno
715 3005 963 3069 bellum
1007 3007 1183 3068 terra
1226 3004 1517 3088 marique
1562 3007 1664 3068 est
1707 3006 1980 3088 gestum.

234 3164 239 3181 .
311 3108 337 3155 ι
553 3093 636 3158 ΙΙ.
706 3091 1028 3174 Principio
1074 3091 1210 3155 eius
1255 3091 1408 3154 anni
1454 3112 1598 3155 cum
1644 3090 1721 3154 de
1764 3090 1999 3156 litteris
2045 3092 2114 3158 L.
2162 3093 2389 3159 Marcii

246 3192 251 3197 “
379 3182 750 3264 referretur,
794 3201 896 3244 res
935 3181 1157 3262 gestae
1193 3179 1575 3261 magnificae
1618 3179 1872 3243 senatui
1906 3181 2112 3264 visae3
2158 3182 2387 3246 titulus
2427 3202 2432 3209 ·

378 3270 668 3353 honoris,
706 3267 874 3352 quod
910 3266 1181 3349 imperio
1219 3287 1353 3331 non
1390 3265 1614 3350 populi
1651 3265 1857 3350 iussu,
1891 3288 2025 3332 non
2062 3291 2139 3335 ex
2173 3273 2385 3332 aucto-

379 3358 572 3420 ritate
633 3360 893 3439 patrum
958 3355 1108 3419 dato
1164 3351 1605 3438 “propraetor
1659 3353 1971 3419 senatui''
2025 3355 2387 3437 scripserat,

310 3456 341 3502 2
380 3464 680 3526 magnam
710 3448 959 3526 partem
986 3442 1321 3508 hominum
1347 3442 1740 3508 offendebat:
1766 3463 1903 3506 rem
1932 3442 2087 3505 mali
2109 3442 2388 3524 exempli

380 3548 545 3608 esse,
582 3529 1001 3611 imperatores
1031 3531 1166 3614 legi
1200 3531 1281 3595 ab‘
1311 3531 1697 3595 exercitibus
1734 3533 1801 3594 et
1828 3530 2136 3592 sollemne
2172 3529 2388 3613 auspi-
