2654 3913
391 193 473 256 76
697 194 915 250 LIBER
950 196 1121 251 XXV.
1195 195 1344 248 CAP.
1387 199 1469 247 15.
1511 199 1591 248 16.
1670 193 1742 263 [a.
1780 192 1845 246 U.
1884 209 1931 248 c.
1970 195 2098 266 542]

382 335 687 403 societatis
741 338 786 418 f
783 339 886 402 ide
895 388 913 420 ,
968 337 1081 400 alii
1135 335 1481 399 cedendum
1539 334 1839 401 fortunae
1897 342 1966 402 et
2022 336 2395 402 tradendam

384 426 614 491 urbem
660 426 1012 492 victoribus
1067 426 1421 489 censerent.
1511 427 1825 507 ceterum,
1876 428 1954 488 ut
2004 426 2401 509 plerumque,

284 522 350 572 1‘1
390 513 657 579 fortuna
703 518 769 578 et
814 511 1085 578 consilia
1118 511 1291 575 mala
1336 511 1654 577 vicerunt:
1699 512 1925 577 Atinio
1965 533 2109 577 cum
2146 514 2282 578 suis
2320 514 2401 578 ad

388 624 570 668 mare
615 623 691 667 ac
734 621 930 665 naves
975 598 1273 683 deducte,
1319 601 1531 684 magis
1579 601 1731 684 quia
1773 601 1899 684 ipsi
1935 601 2019 666 ob
2054 600 2402 684 imperium

387 692 461 756 in
505 711 572 755 se
616 688 773 752 mite
819 709 894 752 ac
946 686 1190 752 iustum
1245 690 1615 754 consultum
1668 690 2006 774 volebant,
2061 710 2252 773 quam
2303 710 2402 753 re-

389 780 609 861 spectu
636 775 1093 859 Romanorum,
1114 774 1732 879 Carthaginienses
1712 801 1782 843 m
1807 778 2031 843 urbem
2059 776 2402 861 accipiunt.

284 877 351 927 18
565 860 876 928 Consules
914 886 954 929 a
990 863 1367 930 Benevento
1402 867 1472 929 in
1501 864 1903 950 Campanum
1941 886 2166 950 agrum
2200 865 2400 950 legio·

383 971 500 1015 nes
537 951 780 1017 ducunt
812 974 944 1018 non
980 953 1060 1017 ad
1096 953 1424 1019 frumenta
1459 955 1680 1039 modo,
1716 977 1879 1039 quae
1915 957 2045 1021 iam
2083 956 2153 1020 in
2181 954 2400 1019 herbis

281 1053 348 1102 19
386 1042 598 1123 erant,
658 1042 1148 1126 corrumpenda,
1217 1043 1330 1107 sed
1395 1042 1471 1106 ad
1533 1041 1822 1124 Capuam
1881 1043 2402 1127 oppugnandam,

384 1128 670 1192 nobilem
698 1150 767 1194 se
794 1131 1198 1195 consulatum
1226 1134 1365 1195 tam
1394 1130 1741 1212 opulentae
1777 1131 1957 1195 urbis
1987 1131 2235 1195 excidio
2272 1131 2402 1195 rati

384 1216 697 1300 facturos,
737 1217 931 1282 simul
971 1222 1036 1283 et
1072 1220 1299 1304 ingens
1336 1219 1659 1302 flagitium
1694 1219 1967 1302 imperio
2005 1219 2403 1302 dempturos,

388 1304 557 1390 quod
611 1306 758 1370 urbi
818 1310 958 1371 tam
1010 1307 1410 1392 propinquae
1472 1307 1739 1371 tertium
1799 1328 2036 1371 annum
2100 1306 2404 1391 inpunita

280 1406 351 1456 20
390 1394 661 1461 defectio
700 1399 888 1461 esset.
960 1399 1244 1461 ceterum
1286 1417 1370 1460 ne
1405 1395 1847 1461 Beneventum
1894 1394 2033 1460 sine
2075 1395 2401 1478 praesidio

390 1487 588 1565 esset,
624 1485 691 1546 et
717 1488 792 1548 ut
819 1484 900 1548 ad
929 1484 1145 1549 subita
1179 1484 1363 1568 belli,
1401 1484 1459 1549 si
1486 1483 1846 1568 Hannibal,
1884 1484 2055 1569 quod
2081 1484 2402 1548 facturum

389 1572 562 1638 haud
616 1570 1029 1656 dubitabant,
1094 1573 1176 1637 ad
1231 1594 1421 1655 opem
1478 1572 1810 1637 ferendam
1865 1572 2057 1637 sociis
2113 1569 2402 1655 Capuam

386 1660 695 1743 venisset,
745 1661 977 1743 equitis
1023 1660 1156 1725 vim
1203 1661 1519 1724 sustinere
1571 1664 1863 1743 possent,
1908 1660 2004 1724 Ti.
2044 1658 2404 1722 Gracchum

390 1768 468 1812 ex
502 1747 781 1813 Lucanis
820 1769 964 1812 cum
994 1748 1285 1831 equitatu
1321 1768 1396 1811 ac
1433 1748 1560 1811 levi
1598 1751 1926 1811 armatura
1958 1744 2403 1810 Beneventum

387 1836 605 1901 venire
642 1836 893 1901 iubent:
937 1835 1304 1920 legionibus
1342 1835 1723 1917 stativisque
1763 1835 1843 1898 ad
1880 1832 2264 1899 obtinendas
2300 1857 2404 1899 res

320 1937 351 1986 1
390 1924 458 1990 in
494 1923 771 1990 Lucanis
809 1924 1090 2009 aliquem
1123 1923 1515 2008 praeficeret.
1603 1921 1777 1989 XVI.
1825 1920 2146 2008 Gracch0‚
2193 1923 2406 2006 prius-

390 2036 585 2099 quam
622 2035 702 2078 ex
726 2012 1003 2078 Lucanis
1034 2016 1347 2097 moveret,
1384 2012 1776 2078 sacrificanti
1811 2012 2000 2078 triste
2036 2013 2404 2098 prodigium

320 2114 353 2164 2
391 2103 636 2169 factum
683 2104 808 2182 est.
864 2102 946 2166 ad
991 2106 1141 2167 exta
1184 2064 1502 2167 sacrificio
1556 2104 1930 2185 perpetrato
1988 2121 2230 2185 angues
2277 2100 2403 2165 duo

395 2214 474 2258 ex
518 2189 770 2257 occulto
817 2190 1073 2273 adlapsi
1119 2191 1388 2255 adedere
1428 2191 1606 2255 iocur
1651 2190 2099 2273 conspectique
2142 2192 2404 2271 repente

322 2292 355 2340 3
395 2301 472 2344 ex
500 2279 702 2343 oculis
733 2278 1047 2343 abierunt.
1118 2279 1191 2343 ob
1224 2278 1291 2343 id
1319 2299 1462 2343 cum
1489 2278 1904 2361 haruspicum
1931 2275 2184 2340 monitu
2212 2276 2404 2340 sacri-

390 2365 608 2429 ficium
636 2367 1105 2430 instauraretur
1141 2369 1335 2448 atque
1373 2366 1684 2430 intentius
1722 2368 1872 2430 exta
1905 2366 2405 2445 reservarentur,

390 2454 626 2518 iterum
673 2475 748 2519 ac
791 2454 1058 2518 tertium
1100 2454 1367 2519 tradunt
1409 2454 1699 2536 adlapsos
1750 2453 2082 2536 libatoque
2125 2451 2405 2516 iocinere

321 2554 356 2601 4
392 2543 675 2608 intactos
723 2563 964 2627 angues
1011 2542 1243 2608 abisse.
1325 2563 1471 2607 cum
1516 2541 1890 2625 haruspices
1936 2540 2018 2605 ad
2060 2540 2405 2624 imperato-

392 2653 531 2696 rem
574 2631 640 2696 id
684 2633 1009 2716 pertinere
1054 2631 1423 2715 prodigium
1461 2631 2021 2714 praemonuissent
2063 2631 2129 2693 et
2172 2630 2254 2692 ab
2303 2649 2405 2693 oc-

395 2720 590 2785 cultis
637 2719 990 2785 cavendum
1034 2719 1405 2784 hominibus
1451 2719 1915 2802 consultisque,
1959 2716 2139 2780 nulla
2187 2719 2405 2779 tamen

324 2818 358 2867 5
393 2808 799 2891 providentia
860 2808 1068 2873 fatum
1131 2809 1477 2872 imminens
1540 2808 1783 2871 moveri
1843 2803 2075 2887 potuit.
2171 2800 2405 2868 Flavus

398 2895 691 2961 Lucanus
728 2895 856 2960 fuit
892 2899 1088 2979 caput
1122 2898 1329 2977 partis
1366 2896 1500 2959 eius
1528 2892 1935 2958 Lucanorum
1961 2927 2046 2937 —
2076 2911 2222 2955 cum
2257 2914 2406 2974 pars

403 2985 484 3047 ad
510 2982 946 3046 Hannibalem
973 2981 1311 3047 defecisset
1332 3018 1447 3066 —,
1475 3003 1637 3065 quae
1664 3002 1810 3046 cum
1836 2980 2144 3044 Romanis
2173 2981 2410 3063 stabat,

398 3073 464 3135 et
505 3070 637 3133 iam
682 3070 872 3135 altero
919 3090 1085 3133 anno
1132 3070 1202 3134 in
1246 3070 1637 3153 magistratu
1674 3072 1844 3151 erat,
1890 3068 1971 3132 ab
2009 3068 2240 3133 iisdem
2275 3069 2407 3133 illis

324 3174 360 3224 6
398 3164 650 3225 creatus
703 3160 980 3241 praetor.
1070 3156 1127 3222 is
1183 3161 1434 3223 mutata
1485 3160 1748 3241 repente
1799 3157 2140 3222 voluntate
2196 3157 2409 3222 locum

398 3248 647 3338 gratiae
691 3246 861 3331 apud
895 3246 1186 3312 Poenum
1224 3268 1536 3331 quaerens
1572 3267 1779 3330 neque
1815 3246 2093 3311 transire
2127 3244 2265 3327 ipse
2299 3263 2409 3306 ne-

396 3361 522 3424 que
564 3336 823 3402 trahere
870 3336 950 3400 ad
989 3335 1411 3401 defectionem
1446 3334 1743 3401 Lucanos
1786 3335 1947 3400 satis
1983 3333 2237 3413 habuit,
2279 3331 2410 3395 nisi

398 3425 808 3509 imperatoris
856 3429 923 3489 et
967 3424 1252 3490 eiusdem
1295 3424 1574 3509 hospitis
1618 3424 1863 3509 proditi
1908 3421 2119 3503 capite
2156 3440 2231 3484 ac
2269 3439 2410 3483 san-

326 3526 360 3576 7
399 3525 592 3598 guine
647 3513 872 3578 foedus
928 3534 1074 3579 cum
1128 3513 1429 3580 hostibus
1491 3513 1824 3580 sanxisset.
1916 3509 1997 3573 ad
2049 3506 2411 3593 Magonem,
