2654 3913
394 207 611 263 LIBER
641 207 834 263 XXVI.
893 207 1042 264 CAP.
1072 215 1156 264 25.
1189 216 1272 265 26.
1335 211 1408 281 [a.
1437 210 1501 265 U.
1532 228 1577 264 c.
1610 218 1729 267 544.
1768 230 1816 267 a.
1847 215 1903 269 C.
1933 216 2062 286 210]
2141 218 2267 282 143

253 352 551 417 omittere
599 351 974 437 Philippum
1021 354 1116 437 id,
1163 354 1333 437 quod
1380 354 1447 419 in
1494 355 1788 419 manibus
1836 361 2005 441 erat,
2051 379 2269 444 coege-

251 444 405 505 runt
457 440 700 505 bellum
754 440 1238 525 Iamphorynna
1295 463 1409 525 per
1460 442 1853 508 deditionem
1901 450 2161 529 recepta
2208 450 2272 512 et

250 550 562 613 prospero
625 530 756 595 alio
818 551 1115 594 successu
1177 551 1413 594 rerum.
1514 531 1899 604 Aetolorum
1957 533 2269 617 impetum
2310 545 2378 595 16

250 617 625 683 tardaverat
649 619 860 700 primo
884 618 1345 682 coniurationis
1374 619 1550 683 fama
1569 618 2027 705 Acarnanicae,
2046 621 2270 686 deinde

252 705 508 770 auditus
574 705 863 788 Philippi
927 705 1238 771 adventus
1298 706 1554 793 regredi
1623 707 1816 772 etiam
1877 708 1946 773 in
2005 709 2269 774 intimos

253 794 466 879 coegit
508 794 687 857 fines,
778 814 896 857 nec
939 793 1306 878 Philippus,
1363 817 1779 880 quamquam,
1824 818 1906 861 ne
1953 798 2270 882 opprime·
2310 808 2374 856 17

250 886 476 946 rentur
512 881 883 945 Acarnanes
892 931 910 965 ,
957 882 1297 947 itineribus
1336 884 1587 967 magnis
1626 884 1818 969 ierat,
1864 886 2038 950 ultra
2073 885 2270 952 Dium

254 974 355 1034 est
389 987 790 1052 progressus.
864 970 1039 1054 inde,
1076 992 1221 1035 cum
1259 972 1546 1037 audisset
1580 973 1860 1038 reditum
1889 974 2269 1041 Aetolorum

254 1079 332 1122 ex
369 1057 764 1158 Acarnania,
800 1062 867 1122 et
903 1059 1039 1142 ipse
1076 1059 1327 1123 Pellam
1365 1060 1575 1125 rediit.
1664 1061 1904 1126 XXVI.
1949 1062 2270 1129 Laevinus
2311 1061 2494 1153 173²?

251 1146 420 1210 veris
466 1146 784 1228 principle
832 1169 871 1210 a
925 1145 1205 1231 Corcyra
1258 1149 1585 1230 profectus
1640 1151 1918 1215 navibus
1966 1157 2269 1236 superato

250 1232 531 1298 Leucata
574 1236 1020 1317 promunturio
1079 1256 1223 1300 cum
1269 1237 1553 1301 venisset
1597 1236 2037 1322 Naupactum,
2084 1241 2269 1305 Anti-

253 1343 467 1405 cyram
504 1322 651 1386 inde
701 1343 767 1386 se
804 1324 1161 1405 petiturum
1212 1322 1436 1406 edixit,
1481 1328 1555 1388 ut
1590 1328 1850 1406 praesto
1899 1326 1994 1389 ibi
2031 1324 2269 1410 Scopas

258 1410 599 1493 Aetolique
647 1413 882 1473 essent.
974 1411 1103 1474 sita
1149 1410 1463 1493 Anticyra
1509 1414 1609 1475 est
1654 1412 1722 1474 in
1767 1410 2038 1477 Locride
2084 1415 2271 1479 laeva
2306 1425 2341 1472 2

248 1502 436 1582 parte
493 1498 703 1561 sinum
751 1495 1242 1562 Corinthiacum
1298 1499 1588 1562 intranti.
1680 1499 1872 1563 breve
1928 1505 2102 1566 terra
2146 1502 2271 1567 iter
2306 1513 2342 1561 3

253 1608 358 1670 eo,
415 1584 632 1649 brevis
688 1584 1018 1670 navigatio
1077 1586 1159 1649 ab
1213 1584 1554 1670 Naupacto
1612 1592 1729 1652 est.
1819 1589 2013 1654 tertio
2068 1590 2271 1655 ferme

251 1678 404 1757 post
464 1673 567 1736 die
621 1674 953 1762 utrimque·
1005 1677 1367 1759 oppugnari
1424 1678 1647 1758 coepta
1703 1678 1819 1742 est.
1919 1678 2179 1761 gravior
2233 1702 2272 1744 a

254 1763 418 1826 mari
468 1762 863 1846 oppugnatio
912 1766 1075 1846 erat,
1137 1764 1289 1846 quia
1336 1767 1401 1827 et
1444 1768 1765 1829 tormenta
1810 1765 2271 1853 machinaeque

252 1851 465 1916 omnis
513 1851 767 1934 generis
824 1851 893 1914 in
938 1851 1212 1916 navibus
1260 1856 1471 1936 erant,
1526 1856 1592 1917 ct
1635 1852 1915 1918 Romani
1971 1854 2119 1920 inde
2165 1878 2271 1940 op-

252 1938 648 2024 pugnabant.
724 1939 943 2023 itaque
980 1940 1155 2005 intra
1195 1937 1436 2023 paucos
1475 1940 1610 2005 dies
1655 1946 1912 2026 recepta
1957 1944 2111 2008 urbs
2156 1968 2271 2028 per

254 2027 650 2092 deditionem
687 2026 940 2091 Aetolis
987 2027 1290 2112 traditur,
1336 2029 1576 2110 praeda
1621 2049 1697 2093 ex
1732 2034 1922 2113 pacto
1962 2030 2270 2097 Romanis

254 2114 467 2180 cessit.
545 2114 802 2178 litterae
841 2115 1075 2179 interea
1110 2115 1392 2180 Laevino
1429 2114 1720 2181 redditae
1757 2117 2085 2182 consulem
2126 2140 2270 2184 eum
2307 2130 2343 2178 4

255 2205 591 2269 absentem
639 2202 1060 2287 declaratum,
1111 2208 1177 2268 et
1223 2225 1657 2269 successorem
1702 2205 1921 2271 venire
1958 2206 2030 2271 P.
2060 2206 2271 2291 Sulpi-

253 2293 440 2358 cium.
531 2295 816 2356 ceterum
871 2291 1173 2358 diuturno
1229 2292 1324 2356 ibi
1384 2293 1612 2358 morbo
1673 2294 2003 2378 inplicitus
2065 2296 2269 2361 scrius

250 2404 362 2465 spe
408 2380 692 2446 omnium
741 2380 1015 2445 Romam
1061 2382 1259 2446 venit.

426 2469 513 2533 M.
534 2468 876 2533 Marcellus
905 2491 1050 2534 cum
1068 2471 1281 2535 idibus
1300 2469 1557 2535 Martiis
1589 2473 1990 2536 consulatum
2019 2473 2268 2558 inisset,
2306 2483 2338 2530 5

253 2559 553 2621 senatum
612 2576 685 2619 eo
744 2555 844 2618 die
902 2558 1097 2621 moris
1151 2558 1345 2622 modo
1404 2579 1596 2622 causa
1639 2559 1896 2641 habuit,
1941 2561 2271 2642 professus

253 2643 417 2707 nihil
465 2664 533 2707 sc
572 2642 838 2706 absente
877 2643 1147 2728 conlega
1181 2665 1390 2726 neque
1430 2644 1506 2708 de
1548 2665 1617 2707 re
1654 2646 1914 2728 publica
1949 2667 2157 2730 neque
2195 2647 2271 2711 de

253 2730 600 2814 provinciis
649 2733 958 2795 acturum.
1051 2731 1212 2795 scire
1259 2752 1329 2795 se
1374 2731 1728 2815 frequentis
1777 2729 2024 2797 Siculos
2069 2756 2270 2818 prope
2309 2744 2341 2793 6

252 2820 478 2883 urbem
539 2819 607 2882 in
665 2818 840 2883 villis
908 2816 1421 2884 obtrectatorum
1485 2840 1744 2884 suorum
1811 2841 1975 2903 esse3
2040 2823 2270 2905 quibus

253 2911 509 2972 tantum
557 2908 783 2971 abesse
829 2911 905 2971 ut
948 2928 1065 2990 per
1110 2929 1178 2972 se
1213 2928 1343 2972 non
1381 2907 1576 2972 liceat
1611 2909 1829 2991 palam
1866 2907 2113 2974 Romae
2152 2912 2271 2975 cri·

254 2996 432 3059 mina
463 2994 690 3083 [edita]
721 2995 874 3060 ficta
903 2995 985 3058 ab
1014 2995 1292 3060 inimicis
1322 2996 1618 3080 vulgare,
1655 3001 1754 3081 ut,
1791 2997 1863 3061 ni
1891 2997 2273 3063 simularent
2310 3008 2340 3055 7

254 3084 536 3167 aliquem
585 3082 710 3147 sibi
754 3083 1056 3149 timorem
1096 3084 1365 3150 absente
1408 3084 1678 3169 conlega
1724 3085 1974 3151 dicendi
2013 3085 2090 3151 de
2128 3108 2271 3152 con·

253 3173 393 3237 sule
440 3193 607 3254 esse,
661 3171 799 3254 ipse
856 3172 947 3237 eis
1005 3174 1325 3256 extemplo
1384 3173 1651 3238 daturus
1707 3178 1999 3239 senatum
2054 3174 2270 3238 fuerit.

252 3260 365 3325 ubi
405 3260 661 3344 quidem
700 3259 969 3346 conlega
1004 3261 1315 3345 venisset,
1360 3283 1492 3326 non
1542 3283 1885 3345 passurum
1928 3262 2270 3345 quicquam

252 3349 429 3431 prius
477 3348 613 3433 agi,
670 3368 861 3430 quam
915 3352 990 3413 ut
1036 3347 1235 3415 Siculi
1292 3349 1361 3413 in
1415 3353 1711 3415 senatum
1766 3349 2272 3417 introducantur.

252 3436 556 3501 dilectum
592 3458 796 3519 prope
834 3458 873 3501 a
909 3434 997 3501 M.
1026 3434 1325 3502 Cornelio
1363 3459 1477 3521 per
1511 3441 1720 3503 totam
1759 3435 2047 3502 Siciliam
2085 3438 2267 3503 habi·
2307 3449 2338 3497 8

255 3527 412 3610 tum,
447 3528 522 3590 ut
561 3545 755 3608 quam
783 3525 1068 3609 plurumi
1107 3530 1405 3610 questum
1435 3526 1512 3591 de
1552 3549 1618 3593 se
1648 3525 1921 3592 Romam
1952 3527 2269 3611 venirent3
