2654 3913
356 202 444 267 48
658 199 866 255 Lissa
899 199 1095 254 xxrv.
1171 199 1322 255 CAP.
1362 205 1448 253 43.
1487 204 1571 255 44.
1649 200 1723 271 [a.
1763 201 1828 256 U.
1867 217 1914 254 ο.
1953 203 2080 273 541]

287 356 320 405 5
360 344 641 412 Comitia
693 344 1057 411 consularia
1107 342 1336 408 habita
1396 344 1477 407 ab
1527 343 1600 418 Q.
1645 342 1847 409 Fabio
1893 343 2179 412 Maximo
2227 368 2375 414 con·

360 435 519 499 sule.
575 434 772 499 creati
799 433 1094 498 consules
1125 432 1314 497 ambo
1347 431 1649 496 absentes
1679 430 1751 509 Q.
1771 431 2011 497 Fabius
2030 432 2374 521 Maximus,

289 534 322 581 6
361 523 641 588 consulis
668 523 859 606 filius,
889 524 954 585 et
980 520 1074 584 Τί.
1097 518 1510 603 Sempronius
1539 518 1862 585 Gracchus
1889 520 2143 587 iterum.
2189 545 2373 605 prae-

357 615 532 677 tores
568 612 734 676 fiunt
771 610 920 693 du0,
956 609 1070 692 qui
1106 612 1247 673 tum
1287 608 1528 673 aediles
1568 608 1820 673 curules
1860 613 2063 692 erant,
2097 608 2166 675 P.
2197 608 2373 676 Sem-

358 700 622 784 pronius
651 698 1009 763 Tuditanus
1048 700 1113 761 et
1150 695 1264 762 On.
1292 696 1559 763 Fulvius
1588 694 1990 762 Centimalus
2030 702 2097 764 et
2122 698 2205 762 Μ.
2235 699 2375 765 Ati·

290 799 320 846 7
360 788 483 853 lius
518 791 577 851 et
600 787 695 851 M.
724 785 1045 851 Aemilius
1074 784 1374 868 Lepidus
1447 785 1632 850 ludos
1664 786 1948 851 scenicos
1976 806 2089 868 per
2119 787 2375 871 quadri-

357 875 553 938 duum
600 895 674 938 eo
721 895 888 937 anno
934 873 1215 954 primum
1271 873 1482 936 factos
1538 873 1620 937 ab
1681 874 2010 940 curulibus
2059 875 2374 941 aedilibus

287 972 320 1021 8
358 962 708 1026 memoriae
753 960 1065 1044 proditur.
1113 959 1341 1023 aedilis
1379 958 1739 1025 Tuditanus
1784 962 1892 1027 hic
1929 966 2095 1044 erat,
2144 965 2256 1047 qui
2294 965 2376 1029 ad

358 1048 612 1114 Cannas
673 1070 911 1132 pavore
971 1047 1118 1112 aliis
1177 1047 1247 1110 in
1305 1050 1494 1112 tanta
1554 1048 1734 1112 clade
1792 1013 2203 1132 torpentibus
2261 1074 2376 1136 per

359 1137 603 1202 medios
649 1137 869 1202 hostes
916 1135 1113 1201 duxit.

288 1232 320 1284 9
536 1222 834 1291 Comitiis
888 1222 1190 1307 perfectis
1250 1226 1512 1288 auctore
1570 1222 1642 1297 Q.
1688 1221 1894 1288 Fabio
1953 1226 2216 1290 consule
2273 1227 2376 1291 de-

359 1313 602 1398 signati
637 1314 929 1379 consules
958 1313 1235 1377 Romam
1266 1310 1564 1375 accersiti
1597 1309 2054 1396 magistratum
2090 1313 2376 1379 inierunt

360 1406 783 1485 senatumque
830 1402 907 1466 de
952 1400 1124 1466 bello
1181 1421 1256 1465 ac
1301 1399 1683 1502 provinciis
1697 1400 1829 1464 suis
1874 1404 2375 1487 praetorumque

360 1492 427 1556 et
471 1491 548 1556 de
596 1490 1010 1573 exercitibuS,
1048 1489 1281 1573 quibus
1319 1489 1555 1590 quique
1592 1491 1995 1574 praeessent,
2043 1491 2376 1556 consulue-

291 1589 318 1637 1
357 1583 524 1644 runt.
614 1577 842 1643 XLIV.
888 1578 1114 1660 Itaque
1159 1577 1525 1660 provinciae
1574 1580 1766 1659 atque
1805 1577 2121 1643 exercitus
2161 1579 2377 1644 divisi.

358 1668 604 1731 bellum
654 1688 796 1730 cum
841 1665 1207 1728 Hannibale
1254 1665 1623 1729 consulibus
1671 1665 2047 1729 mandatum
2094 1670 2161 1730 et
2203 1688 2376 1730 exer-

359 1755 602 1817 cituum
647 1773 837 1835 unus,
894 1772 1083 1833 quem
1136 1751 1275 1833 ipse
1323 1749 1744 1833 Sempronius
1803 1751 2146 1835 habuerat,
2193 1753 2377 1837 alter,

289 1855 321 1902 2
361 1861 550 1923 quem
569 1838 812 1903 Fabius
834 1838 1079 1904 consul.
1127 1859 1236 1902 eae
1263 1837 1457 1902 binae
1487 1841 1672 1902 erant
1699 1838 2008 1921 legiones.
2054 1837 2141 1903 Μ.
2163 1840 2377 1905 Aemi-

359 1929 487 1993 lius
533 1930 818 2013 praetor‚
874 1926 1051 1992 cuius
1097 1926 1439 2011 peregrina
1486 1946 1625 1991 sors
1673 1929 1839 2010 erat,
1889 1926 2050 1992 iuris
2098 1927 2375 1995 dictione

356 2018 446 2082 M.
473 2016 680 2082 Atilio
710 2016 1025 2101 collegae,
1053 2016 1340 2099 praetori
1367 2015 1641 2099 urbano,
1679 2015 2015 2099 mandata,
2042 2016 2376 2083 Luceriam

359 2106 757 2191 provinciam
784 2105 1055 2170 haberet
1091 2103 1504 2188 legionesque
1534 2102 1690 2168 duas
1701 2153 1719 2187 ,
1756 2103 1988 2187 quibus
2019 2103 2090 2180 Q.
2119 2105 2377 2190 Fabius,

290 2207 321 2254 3
363 2195 473 2279 qui
500 2199 641 2260 tum
671 2194 892 2258 consul
934 2193 1111 2275 erat‚'
1134 2195 1398 2274 praetor
1432 2191 1822 2274 praefuerat.
1894 2192 1966 2256 P.
1995 2157 2377 2277 Sempronio

361 2281 692 2364 provincia
745 2280 1142 2363 Ariminum,
1199 2277 1311 2343 On.
1357 2278 1586 2345 Fulvio
1644 2278 1951 2344 Suessula
2008 2301 2154 2345 cum
2204 2281 2376 2346 binis

360 2370 517 2432 item
546 2368 910 2451 legionibus
949 2371 1324 2450 evenerunt,
1361 2371 1435 2432 ut
1462 2366 1726 2431 Fulvius
1765 2367 2048 2432 urbanas
2088 2369 2377 2453 legiones
2450 2379 2452 2382 ’

288 2468 323 2515 4
361 2457 645 2537 duceret,
711 2454 1069 2520 Tuditanus
1135 2477 1174 2519 a
1229 2453 1318 2519 M.
1373 2455 1731 2538 Pomponio
1798 2455 2134 2539 acciperet.
2232 2479 2379 2542 pro·

359 2544 638 2629 rogata
619 2543 893 2627 1mperia
918 2544 1439 2628 provinciaeque,
1473 2542 1562 2608 M.
1591 2540 1862 2609 Claudio
1893 2542 2114 2610 Sicilia
2141 2545 2378 2611 finibus

363 2633 483 2716 eiS‚
531 2632 763 2718 quibus
808 2652 1080 2716 regnum
1116 2630 1422 2697 Hieronis
1458 2633 1719 2716 fuisset,
1756 2631 2031 2699 Lentulo
2074 2655 2380 2718 proprae-

361 2683 491 2787 tori
546 2720 879 2804 provincia
931 2724 1144 2805 vetuS,
1199 2720 1270 2784 Τ.
1318 2719 1595 2789 Otacilio
1656 2721 1882 2787 classis
1936 2758 2009 2766 -
2063 2723 2379 2787 exercitus

291 2820 323 2869 5
360 2809 527 2874 nulli
565 2809 768 2873 additi
802 2809 955 2874 novi
998 2845 1104 2892 —,
1142 2809 1227 2872 M.
1265 2808 1531 2874 Valerio
1572 2807 1843 2874 Graecia
1877 2808 2381 2894 Macedoniaque

362 2919 509 2962 cum
551 2895 807 2981 legione
855 2900 921 2961 et
966 2897 1196 2979 classe,
1254 2913 1449 2980 quam
1494 2897 1792 2979 haberet3
1852 2895 1926 2970 Q.
1971 2894 2186 2962 Mucio
2235 2919 2380 2962 cum

360 2987 576 3048 vetere
623 2985 900 3048 exercitu
954 3020 1030 3029 -—
1082 2984 1242 3048 duae
1289 2988 1506 3049 autem
1548 2983 1837 3066 legiones
1887 2988 2071 3049 erant
2115 3022 2190 3031 -—
2234 2983 2380 3051 Sar-

361 3070 564 3155 dinia3
602 3067 669 3135 O.
697 3070 998 3136 Terentio
1034 3071 1205 3155 legio
1244 3094 1398 3154 una,
1437 3071 1541 3136 cui
1578 3071 1708 3134 iam
1742 3076 2066 3157 praeerat,
2107 3094 2183 3139 ac
2206 3073 2383 3138 Pice-

293 3173 324 3221 6
363 3181 534 3224 1111111.
601 3158 796 3223 scribi
841 3162 1174 3242 praeterea
1212 3158 1373 3223 duae
1411 3158 1698 3223 urbanae
1736 3159 2029 3244 legiones
2068 3161 2281 3227 iussae
2319 3165 2384 3225 et

361 3247 597 3333 viginti
626 3246 809 3311 milia
838 3247 1176 3313 sociorum.
1247 3247 1350 3311 his
1380 3246 1678 3330 ducibu8‚
1709 3246 1813 3312 his
1844 3249 2047 3326 copiis
2077 3249 2380 3315 adversus

363 3338 568 3401 multa
615 3336 810 3400 simul
857 3339 969 3401 aut
1016 3337 1195 3400 mota
1241 3338 1355 3399 aut
1407 3340 1710 3418 suspecta
1753 3336 1928 3402 bella
1973 3337 2386 3401 muniverunt

364 3424 728 3489 Romanum
774 3424 1137 3508 imperium.

294 3522 322 3568 7
542 3509 855 3577 Consules
884 3512 1132 3578 duabus
1161 3512 1429 3578 urbanis
1458 3512 1822 3596 legionibus
1845 3511 2101 3595 scriptis
2129 3512 2385 3596 supple-
