2654 3913
369 213 452 276 38
737 210 952 264 LIBER>
987 210 1183 267 xx1v.
1259 210 1412 265 CAP.
1451 216 1537 265 34.
1613 210 1689 280 [a.
1727 208 1792 262 U.
1832 225 1877 263 ο.
1915 211 2043 278 540]

299 368 333 415 4
372 358 469 419 est
494 355 658 437 loc0,
688 354 782 420 ita
811 374 1045 439 genere
1075 354 1252 419 omni
1269 355 1743 419 tormentorum
1772 352 2097 417 instruxit.
2144 352 2388 418 Achra·

369 441 554 508 dinae
601 465 905 526 murum„
927 442 1060 526 qui,
1106 446 1181 507 ut
1226 444 1377 506 ante
1413 440 1655 504 dictum
1702 442 1827 524 est,
1872 440 2039 504 mari
2089 441 2388 525 adluitur,

301 545 331 592 5
372 531 709 617 sexaginta
764 529 1330 614 quinqueremibus
1376 527 1724 592 Marcellus
1785 527 2222 612 oppugnabat.
2312 551 2389 594 ex

372 620 601 686 ceteris
637 619 911 683 navibus
940 614 1266 701 sagittarii
1300 615 1784 700 funditoresque
1823 618 1890 680 et
1916 616 2144 710 velites
2173 615 2388 701 etiam,

374 729 644 792 quorum
688 707 889 770 telum
937 704 1016 768 ad
1061 704 1525 769 remittendum
1571 702 1858 769 inhabile
1904 704 2223 788 imperitis
2271 708 2388 786 est,

372 796 480 859 vix
525 814 909 878 quemquam
957 793 1097 856 sine
1144 791 1410 857 vulnere
1455 793 1805 858 consistere
1850 791 1920 856 in
1955 814 2140 857 muro
2186 792 2387 877 patie-

303 898 335 945 6
374 883 627 946 bantur.
727 879 824 964 hi,
880 880 1031 964 quia
1085 880 1297 964 spatio
1354 881 1708 946 missilibus
1763 902 1924 964 opus
1980 883 2107 964 est,
2164 881 2389 965 procul

371 990 556 1034 muro
602 967 913 1033 tenebant
957 989 1174 1034 naves.
1263 969 1519 1034 iunctae
1565 969 1732 1034 aliae
1775 968 1970 1033 binae
2016 969 2388 1053 quinquere-

374 1078 509 1122 mes
554 1056 833 1140 demptis
880 1056 1299 1122 interioribus
1345 1057 1567 1140 remis,
1613 1059 1687 1121 ut
1731 1048 2141 1122 la‘t’us‘lateri
2187 1057 2426 1141 adpli-·

304 1158 336 1207 '1
375 1138 833 1228 careturyffim
871 1145 1184 1210 exteriore
1213 1145 1436 1209 ordine
1471 1165 1797 1209 remorum
1825 1144 2005 1208 velut
2046 1167 2175 1209 una
2202 1144 2389 1210 navis

374 1236 745 1318 agerentur,
797 1237 1010 1298 turres
1065 1233 1514 1319 conthatas
1569 1231 2213 1314 machinamentaque
2260 1231 2390 1297 alia

302 1334 335 1383 8
375 1320 735 1406 quatiendis
790 1321 989 1386 muris
1049 1321 1452 1410 portabant]
1509 1319 1815 1385 adversus
1871 1318 2041 1385 hunc
2092 1320 2388 1384 navalem
2441 1326 2450 1328 *

375 1413 756 1494 apparatum
802 1408 1219 1474 Archimedes
1273 1408 1493 1474 variae
1546 1405 2011 1493 magnitudinis
2065 1409 2390 1497 tormenta

374 1500 443 1563 in
489 1498 692 1564 muris
739 1497 1073 1586 diquit.
1162 1496 1231 1560 in
1277 1518 1412 1580 eaS,
1469 1518 1633 1580 quae
1676 1497 1903 1581 procul
1950 1500 2160 1581 erant,
2204 1496 2388 1561 navis

376 1608 532 1652 saxa
585 1585 835 1671 ingenti
886 1585 1168 1669 pondere
1222 1584 1589 1669 emittebat,
1643 1585 1979 1668 propiores
2034 1585 2388 1650 levioribus

303 1685 337 1734 9
374 1696 576 1759 eoque
633 1673 843 1757 magis
901 1673 1143 1738 crebris
1199 1673 1466 1756 petebat
1519 1672 1698 1756 telis3
1751 1676 2105 1756 postremo,
2159 1675 2236 1737 ut
2289 1673 2390 1736 sui

372 1763 634 1826 volnere
679 1760 910 1824 intacti
963 1761 1095 1825 tela
1150 1761 1218 1825 in
1261 1759 1520 1826 hostem
1567 1760 1960 1843 ingererent,
2004 1780 2260 1824 murum
2289 1760 2388 1825 ‘ab

372 1850 503 1914 imo
552 1847 633 1916 ad
669 1848 1271 1927 summuchebris
1308 1847 1695 1944 CUbQibUS
1731 1846 1865 1912 fere
1906 1848 2082 1925 casis
2121 1830 2408 1930 aper'u‘it]⁶

373 1960 489 2022 per
535 1959 699 2022 quae
747 1958 904 2002 cava
947 1959 1099 2021 pars
1140 1936 1401 2022 sagittis
1437 1958 1590 2021 pars
1628 1927 2389 2028 Scorpiopffissgfftundissis

272 2037 337 2086 ιο
378 2049 452 2091 ex
501 2026 752 2092 occulto
811 2026 1121 2109 petebant
1170 2024 1472 2091 hostema
1538 2027 1704 2109 qnae
1756 2020 2020 2110 propius
2076 2023 2390 2108 quaedam

250 2144 279 2162 κ
300 2079 360 2159 “f
376 2115 681 2180 subibant
741 2135 938 2178 naves
947 2164 965 2197 ,
1028 2136 1153 2198 quo
1218 2113 1557 2179 interiores
1620 2112 1856 2178 ictibus
1919 2117 2390 2178 tormentorum

377 2206 617 2286 essent,
663 2202 733 2266 in
778 2223 888 2266 eas
935 2202 1262 2267 tollenone
1300 2223 1493 2286 super
1527 2196 1782 2267 muffi'l'n
1824 2201 2146 2266 eminente
2180 2200 2390 2265 ferrea

297 2298 352 2368 '05
375 2311 600 2355 manus
611 2338 628 2372 ,
691 2289 915 2353 firmae
978 2283 1242 2354 cafi'e’nae
1301 2285 1644 2390 inligata,(
1662 2310 1805 2353 cum
1869 2289 2104 2353 iniecta
2156 2309 2389 2372 prorae

319 2371 335 2392 θ’
374 2381 544 2442 esset
589 2377 899 2460 gravique
941 2375 1330 2442 libramento
1375 2376 1627 2461 plumbi
1670 2376 2006 2441 recelleret
2040 2375 2122 2440 ad
2160 2376 2390 2459 solum,

270 2476 335 2524 11
376 2485 688 2549 suspensa.
730 2485 925 2565 prora
968 2485 1198 2529 navem
1250 2466 1319 2529 in
1364 2464 1629 2548 puppim
1684 2451 2041 2549 sta't‘ffebat3
2094 2463 2242 2528 dein
2294 2484 2390 2528 re-

376 2553 574 2619 missa
591 2545 834 2617 ‘sublto
881 2553 1061 2617 velut
1105 2574 1181 2617 ex
1228 2574 1411 2618 muro
1460 2552 1791 2617 cadentem
1837 2573 2068 2617 navem
2113 2573 2259 2617 cum
2295 2551 2392 2615 in-

270 2691 277 2697 .
377 2641 558 2728 genti
601 2640 1030 2724 trepidatione
1074 2645 1420 2706 nautarum
1465 2641 1560 2705 ita
1613 2640 1821 2706 undae
1877 2639 2255 2744 adfligebat,
2300 2644 2392 2718 ut,

378 2730 633 2796 etiamsi
686 2732 867 2794 recta
917 2729 1262 2813 reciderat,
1308 2730 1721 2880 ‚aQtum
1785 2749 1990 2812 aquae
2054 2730 2390 2810 acciperet.

274 2829 340 2876 12
379 2819 471 2883 ita
516 2818 844 2883 maritima
888 2818 1288 2901 oppugnatio
1345 2822 1445 2882 est
1499 2839 1532 2882 e
1563 2839 1679 2882 usa
1735 2815 2073 2898 omnisque
2118 2834 2265 2897 spes
2313 2834 2387 2878 eo

272 2916 338 2964 13
376 2927 592 2988 versa,
654 2909 729 2969 ut
780 2904 939 2968 totis
993 2905 1236 2969 viribus
1302 2909 1478 2969 terra
1532 2903 2050 2987 adgrederentur.
2150 2901 2261 2966 sed
2317 2923 2393 2966 ea

378 3013 629 3075 quoque
684 3011 834 3074 pars
890 2991 1113 3055 eodem
1167 2993 1346 3056 omni
1399 2996 1716 3075 apparatu
1768 2992 2237 3055 tormentorum
2300 2991 2390 3054 in-

377 3082 626 3144 structa
655 3081 793 3142 erat
811 3075 1110 3144 Hieronis
1136 3078 1425 3165 inp-epsis
1453 3098 1732 3162 curaque
1757 3098 1875 3161 per
1900 3078 2139 3142 multos
2169 3099 2391 3159 annOS,

274 3178 341 3227 14
378 3164 782 3233 Archimedis
827 3164 1017 3229 unica
1072 3169 1229 3231 arte.
1317 3169 1557 3230 natura
1611 3165 1807 3229 etiam
1853 3165 2203 3231 adiuvabat
2245 3165 2390 3247 loci,

378 3255 548 3340 quod
578 3275 832 3336 saxum,
859 3253 960 3317 cui
989 3253 1273 3337 inposita
1300 3252 1466 3318 muri
1493 3252 1920 3321 fundamenta
1948 3258 2124 3337 sunt,
2151 3271 2390 3334 magna

377 3349 561 3428 parte
608 3344 703 3409 ita
749 3340 1030 3427 proclive
1077 3345 1205 3427 est,
1249 3346 1325 3407 ut
1368 3361 1501 3407 non
1549 3343 1761 3407 solum
1806 3343 2008 3407 missa
2049 3337 2391 3422 tormento,

379 3433 488 3494 s‘ed
525 3434 723 3496 etiam
770 3450 933 3515 quae
969 3430 1251 3514 pondere
1289 3452 1407 3496 suo
1442 3430 1790 3514 provoluta
1826 3431 2066 3506 essent,
2103 3426 2394 3511 graviter

275 3527 339 3578 15
378 3518 445 3582 in
509 3517 765 3584 hostem
828 3517 1197 3586 inciderent.
1298 3519 1519 3585 eadem
1545 3509 1781 3584 ''E'ausa
1843 3516 1925 3582 ad
1988 3514 2392 3581 subeundum
