2654 3913
619 216 835 272 LIBER,
871 216 1040 271 XXV.
1116 217 1269 272 CAP.
1307 223 1392 271 21.
1432 224 1515 271 22.
1594 219 1667 289 [a.
1706 218 1764 272 C.
1803 223 1931 289 212]
2219 218 2299 282 83

267 361 710 445 expeditorum
738 362 1018 427 militum
1048 362 1119 425 in
1145 362 1319 426 villis
1349 363 1519 427 circa
1545 363 1975 446 vepribusque
2004 365 2070 427 et
2098 362 2280 428 silvis

267 450 577 534 disponit,
615 449 726 532 qui
763 450 952 535 signo
991 450 1143 515 dato
1182 450 1377 515 simul
1418 471 1635 515 omnes
1676 473 1710 514 e
1747 449 2019 515 latebris
2057 449 2282 514 existe-

266 541 439 622 rent,
495 542 561 603 et
604 536 954 622 Magonem
1008 558 1083 603 ac
1126 538 1251 602 duo
1307 538 1511 603 ferme
1557 538 1741 603 milia
1798 539 2110 622 equitum,
2156 560 2284 622 qua
2318 551 2353 598 4

267 626 489 710 fugam
544 627 1004 691 inclinaturam
1059 625 1388 710 credebat,
1442 627 1661 691 omnia
1714 627 1953 691 itinera
2006 626 2282 691 insidere

266 715 462 780 iubet.
533 714 637 779 his
673 718 862 780 nocte
897 714 1300 798 praeparatis
1327 715 1541 797 prima
1565 714 1707 780 luce
1734 716 1804 780 in
1832 714 2036 779 aciem
2063 716 2282 797 copias

269 802 496 868 educit.
587 823 707 867 nec
751 802 1017 867 Fulvius
1064 804 1163 867 est
1209 806 1574 886 cunctatus,
1622 824 1756 867 non
1799 807 1938 868 tam
1984 825 2101 868 sua
2146 804 2284 868 ulla
2321 813 2352 862 5

268 913 381 975 spe
412 913 606 975 quam
633 890 916 955 militum
944 890 1193 974 impetu
1210 890 1481 955 fortuito
1504 894 1765 956 tractus
1810 892 2032 975 itaque
2060 890 2284 956 eadem

266 979 664 1060 temeritate,
703 1000 831 1062 qua
855 1000 1231 1061 processum
1258 980 1330 1042 in
1358 980 1562 1043 aciem
1601 983 1723 1064 est,
1761 979 2106 1045 instruitur
2142 980 2286 1064 ipsa

270 1067 441 1131 acies
498 1065 580 1131 ad
632 1066 970 1132 libidinem
1025 1066 1310 1131 militum
1364 1067 1527 1132 forte
1580 1068 2094 1151 procurrentium
2141 1089 2285 1134 con-

271 1155 794 1240 sistentiumque,
841 1177 967 1239 quo
1013 1155 1155 1219 loco
1202 1155 1494 1238 ipsorum
1540 1156 1799 1221 tulisset
1844 1156 2121 1239 animus,
2177 1157 2285 1221 de-

270 1243 415 1307 inde
442 1265 557 1326 per
583 1243 918 1308 libidinem
938 1246 1051 1308 aut
1078 1246 1323 1308 metum
1345 1242 1769 1320 deserentium
1798 1245 2028 1309 locum.
2072 1245 2284 1328 prima
2323 1257 2353 1303 6

268 1332 441 1415 legio
489 1335 556 1396 et
600 1332 864 1396 sinistra
909 1332 1016 1397 ala
1061 1332 1131 1395 in
1178 1332 1390 1415 primo
1428 1331 1809 1414 instructae,
1856 1336 1922 1397 et
1965 1332 2035 1396 in
2077 1333 2285 1414 longi-

268 1420 558 1486 tudinem
595 1423 894 1502 porrecta
932 1418 1120 1484 acies.
1191 1418 1621 1483 clamantibus
1657 1418 1936 1483 tribunis
1984 1418 2147 1482 nihil
2186 1421 2283 1483 in-
2324 1431 2352 1478 7

268 1511 518 1571 trorsus
555 1507 808 1571 roboris
848 1529 922 1571 ac
957 1508 1191 1571 virium
1230 1527 1370 1571 esse
1409 1509 1499 1587 et,
1538 1528 1933 1590 quacumque
1968 1506 2284 1589 impetum

269 1595 575 1660 fecissent
601 1595 838 1677 hostis,
873 1598 1320 1679 perrupturOS,
1349 1594 1542 1678 nihil,
1571 1594 1742 1679 quod
1772 1595 2058 1659 salutare
2095 1599 2284 1678 esset,

268 1704 400 1749 non
458 1682 650 1748 modo
712 1683 792 1748 ad
824 1683 1143 1770 ,animum
1202 1683 1312 1748 sed
1357 1703 1439 1747 ne
1498 1683 1578 1747 ad
1626 1704 1811 1748 aures
1867 1682 2122 1767 quidem
2178 1683 2284 1747 ad-

269 1771 591 1837 mittebat.
665 1775 730 1837 et
756 1769 1090 1836 Hannibal
1126 1771 1624 1855 haudquaquam
1655 1771 1885 1836 similis
1925 1771 2053 1836 dux
2077 1771 2283 1856 neque
2322 1782 2354 1829 8

270 1860 469 1925 simili
498 1861 782 1926 exercitu
808 1881 1013 1944 neque
1052 1860 1149 1924 ita
1185 1861 1504 1925 instructo
1534 1860 1773 1925 aderat.
1847 1880 1998 1944 ergo
2040 1883 2120 1925 ne
2159 1862 2285 1926 cla-

269 1970 515 2014 morem
553 1948 811 2033 quidem
849 1952 1042 2034 atque
1080 1948 1395 2034 impetum
1431 1948 1711 2032 primum
1748 1971 1968 2014 eorum
2004 1947 2284 2014 Romani

273 2038 651 2101 sustinuere.
740 2036 893 2120 dux,
938 2036 1217 2102 stultitia
1267 2041 1335 2101 et
1377 2037 1745 2102 temeritate
1792 2034 2102 2102 Centenio
2147 2060 2283 2120 par,
2321 2047 2354 2095 9

273 2124 485 2189 animo
523 2123 1019 2208 haudquaquam
1058 2126 1523 2210 comparandus
1532 2175 1550 2209 ,
1587 2126 1700 2190 ubi
1735 2146 1872 2189 rem
1903 2125 2285 2188 inclinatam

273 2233 347 2276 ac
391 2212 779 2296 trepidantis
827 2234 976 2278 suos
1023 2212 1223 2298 videt,
1279 2236 1440 2299 equo
1498 2217 1753 2299 arrepto
1801 2235 1946 2278 cum
1994 2212 2285 2277 ducentis

162 2363 164 2365 ,
269 2300 470 2366 ferme
517 2301 842 2385 equitibus
890 2301 1143 2388 effugit3
1194 2307 1408 2368 cetera
1454 2326 1493 2367 a
1538 2303 1750 2368 fronte
1795 2302 2012 2386 pulsa,
2057 2302 2201 2368 inde
2243 2322 2286 2366 a
2325 2312 2390 2360 10

268 2393 451 2474 tergo
503 2393 697 2474 atque
744 2391 866 2455 alis
909 2391 1347 2456 circumventa
1384 2391 1553 2457 acies
1591 2413 1666 2457 eo
1704 2413 1904 2475 usque
1944 2395 2045 2456 est
2080 2413 2285 2473 caesa,

269 2480 344 2541 ut
387 2500 465 2541 ex
512 2477 956 2560 duodeviginti
1002 2480 1267 2544 milibus
1315 2479 1651 2544 hominum
1708 2480 1831 2544 duo
1877 2479 2055 2544 milia
2110 2479 2285 2544 haud

273 2563 550 2646 amplius
596 2564 936 2628 evaserint.
1007 2566 1255 2629 'castris
1300 2564 1525 2629 hostes
1570 2566 1769 2648 potiti
1815 2570 1987 2631 sunt.
2023 2622 2078 2649 Ψ

447 2648 654 2714 XXII.
712 2648 855 2713 Hae
900 2649 1116 2714 clades
1164 2671 1355 2732 super
1401 2653 1595 2714 aliam
1642 2652 1772 2715 alia
1816 2650 2092 2715 Romam
2139 2672 2286 2716 cum
2324 2666 2350 2711 1

273 2743 487 2804 essent
551 2737 913 2821 nuntiatae,
977 2736 1206 2820 ingens
1268 2736 1528 2819 quidem
1583 2741 1649 2800 et
1701 2738 1910 2802 luctus
1965 2743 2032 2802 et
2085 2760 2329 2822 pavor·

271 2827 600 2893 civitatem
639 2826 837 2910 cepit;
888 2824 998 2889 sed
1035 2830 1281 2908 tamen,
1330 2824 1481 2908 quia
1521 2825 1841 2910 consules,
1886 2825 1997 2891 ubi
2036 2848 2287 2891 summa

270 2936 486 2979 rerum
546 2919 742 2995 esset,
803 2914 885 2979 ad
943 2914 1011 2978 id
1065 2915 1354 2980 locorum
1410 2935 1717 2999 prospere
1774 2935 1910 2979 rem
1970 2919 2285 3001 gererent,

271 3002 483 3066 minus
528 3003 632 3067 his
679 3003 965 3068 cladibus
1011 3002 1598 3068 commovebantur.
1688 3003 1940 3090 legatos
1996 3004 2079 3070 ad
2135 3026 2283 3071 con·
2320 3016 2352 3063 2

274 3090 445 3154 sules
500 3090 770 3154 mittunt
815 3090 883 3157 G.
928 3091 1300 3158 Laetorium
1350 3091 1436 3158 M.
1481 3092 1827 3176 Metilium,
1872 3093 1984 3177 qui
2026 3093 2283 3159 nuntia·

272 3181 446 3259 rent,
481 3181 555 3242 ut
590 3178 893 3262 reliquias
923 3179 1190 3246 duorum
1219 3181 1614 3246 exercituum
1651 3203 1796 3247 cum
1834 3203 1986 3246 cura
2025 3182 2284 3265 collige-

270 3269 415 3331 rent
440 3265 792 3349 darentque
822 3288 1110 3352 operam,
1145 3290 1227 3333 ne
1254 3291 1369 3352 per
1396 3273 1640 3333 metum
1669 3291 1744 3334 ac
1771 3268 2281 3352 desperationem
2321 3280 2355 3329 3

270 3355 444 3421 hosti
491 3375 559 3420 se
608 3353 938 3438 dederent,
984 3355 1050 3419 id
1097 3356 1266 3440 quod
1310 3362 1462 3440 post
1505 3355 1905 3422 Cannensem
1949 3356 2286 3422 accidisset

272 3443 544 3528 cladem,
591 3446 657 3507 et
701 3446 776 3508 ut
823 3442 1181 3509 desertores
1228 3443 1306 3508 de
1354 3445 1636 3509 exercitu
1672 3445 1978 3510 volonum
2019 3445 2283 3530 conqui-

270 3536 500 3598 rerent.
547 3531 714 3596 idem
750 3530 999 3617 negotii
1035 3531 1104 3597 P.
1143 3529 1442 3598 Cornelio
1482 3532 1727 3619 datum,
1767 3534 1870 3599 cui
1907 3536 1971 3599 et
2010 3533 2280 3600 dilectus
2319 3545 2352 3594 4

1787 3637 1859 3690 ἢ*
