2654 3913
335 172 418 234 16
620 169 833 223 ΠΒΕΒ
868 170 1065 226 XXIV.
1141 169 1294 225 CAP.
1337 175 1416 223 14.
1460 175 1541 224 15.
1619 170 1689 240 [a.
1727 168 1792 223 u,
1833 186 1878 224 ο.
1921 172 2049 242 540]

328 313 538 395 primo
568 311 876 395 oppidum
903 312 1192 396 intravit,
1221 311 1467 393 deinde,
1498 313 1572 375 ut
1592 310 1976 377 Hannonem
2005 313 2133 377 tria
2161 315 2347 380 milia

328 399 530 463 ferme
577 399 659 465 ab
707 400 865 465 urbe
911 401 990 464 ad
1028 397 1324 463 Calorem
1369 398 1636 463 fluvium
1681 403 1895 465 castra
1938 402 2233 482 posuisse
2282 408 2347 468 et

329 487 480 552 inde
527 508 755 572 agrum
798 486 1095 571 populari
1143 485 1414 569 audivit,
1463 489 1528 550 et
1570 487 1709 570 ipse
1757 508 2055 571 egressus
2104 491 2347 553 moeni-

258 587 292 635 3
331 577 452 642 bus
490 577 671 641 mille
705 576 908 639 ferme
942 594 1172 657 passus
1211 573 1293 638 ab
1332 574 1522 639 hoste
1558 578 1773 639 castra
1809 576 1999 641 locat.
2070 575 2166 641 ibi
2201 598 2347 642 con·

331 666 578 729 tionem
605 663 886 728 militum
914 661 1162 725 habuit.
1235 661 1527 745 legiones
1555 683 1807 747 *magna
1844 684 1921 727 ex
1956 667 2141 746 parte
2169 664 2347 730 volo-

331 774 485 817 num
522 750 833 832 habebat,
869 749 980 832 qui
1006 748 1139 812 iam
1169 748 1451 816 alterum
1481 772 1720 816 annum
1745 751 2119 816 libertatem
2150 753 2346 817 tacite

331 838 559 901 mereri
588 858 780 920 quam
807 836 1140 919 postulare
1159 838 1376 920 palam
1395 839 1774 906 maluerant.
1823 843 2111 905 senserat
2126 843 2348 904 tamen

328 924 618 988 hibernis
648 924 980 1009 egrediens
1010 947 1300 990 murmur
1336 924 1405 988 in
1434 927 1691 1010 agmine
1720 948 1861 992 esse
1890 929 2349 1011 quaerentium,

235 1025 292 1079 ,4
331 1033 411 1076 en
445 1034 750 1097 umquam
775 1013 970 1079 liberi
997 1013 1345 1079 militaturi
1382 1017 1624 1097 essent,
1658 1014 2132 1098 scripseratque
2170 1038 2348 1081 sena·

329 1100 455 1184 tui,
490 1122 618 1166 non
653 1105 794 1166 tam
822 1099 975 1185 quid
1002 1101 1465 1185 desiderarent,
1514 1122 1708 1185 quam
1745 1101 1899 1184 quid
1934 1103 2346 1166 meruissent:

329 1187 502 1253 bona
547 1189 827 1273 fortique
874 1211 1071 1273 opera
1108 1210 1330 1255 eorum
1369 1210 1436 1253 se
1483 1189 1564 1254 ad
1601 1210 1743 1253 eam
1780 1188 1951 1252 diem
1987 1209 2203 1272 usum,
2237 1209 2345 1253 ne·

331 1296 453 1360 que
501 1276 581 1340 ad
635 1278 992 1361 exemplum
1048 1277 1205 1341 iusti
1258 1276 1491 1341 militis
1545 1277 1888 1359 quicquam
1944 1276 2036 1340 eis
2089 1279 2349 1359 praeter

259 1375 290 1424 5
330 1364 702 1430 libertatem
745 1366 982 1430 deesse.
1054 1365 1132 1430 de
1179 1386 1252 1429 eo
1289 1365 1681 1448 permissum
1717 1362 1845 1447 ipsi
1883 1367 2049 1446 erat,
2085 1364 2346 1445 faceret,

332 1453 503 1536 quod
541 1475 575 1518 e
611 1475 681 1519 re
716 1454 977 1538 publica
1012 1453 1271 1518 duceret
1306 1473 1462 1516 esse.
1534 1452 1754 1535 itaque
1791 1451 2169 1536 priusquam
2202 1473 2348 1517 cum

330 1540 520 1607 hoste
555 1564 819 1607 manum
856 1543 1239 1624 consereret,
1275 1539 1656 1624 pronuntiat
1681 1543 1939 1624 tempus
1976 1541 2226 1605 venisse
2255 1541 2347 1604 eis

260 1642 292 1689 6
328 1629 650 1694 libertatis
660 1678 678 1712 ,
715 1651 908 1712 quam
938 1629 1046 1693 diu
1084 1630 1481 1712 sperassent,
1516 1627 1880 1710 potiundae.
1953 1631 2213 1710 postero
2244 1629 2347 1691 die

330 1717 533 1800 signis
572 1717 842 1780 conlatis
880 1716 1333 1783 dimicaturum
1370 1737 1530 1799 puro
1570 1735 1645 1779 ac
1668 1715 1920 1797 patenti
1953 1735 2197 1797 camp0,
2232 1714 2347 1778 ubi

330 1803 467 1866 sine
513 1802 646 1868 ullo
694 1802 1072 1867 insidiarum
1108 1807 1283 1868 metu
1319 1824 1474 1868 vera
1508 1802 1747 1867 virtute
1784 1802 1925 1885 geri
1965 1822 2066 1866 res
2103 1805 2346 1884 posset.

260 1905 290 1953 7
331 1890 440 1975 qui
490 1895 685 1974 caput
726 1890 938 1958 hostis
974 1891 1366 1975 rettulisset,
1413 1912 1558 1955 eum
1604 1911 1672 1954 se
1711 1889 2031 1973 extemplo
2071 1889 2345 1953 liberum

328 1979 656 2044 iussurum
705 2001 872 2064 esse3
917 1980 1028 2065 qui
1073 1980 1215 2046 loco
1255 1980 1581 2061 cessisset,
1625 1978 1694 2043 in
1742 1999 1888 2043 eum
1934 1978 2155 2042 servili
2203 2000 2346 2061 sup-

258 2080 292 2128 8
329 2067 523 2151 plicio
562 2068 1179 2153 animadversurum3
1219 2089 1403 2132 suam
1441 2067 1669 2150 cuique
1695 2064 2024 2136 fortunam
2052 2067 2121 2130 in
2148 2088 2346 2131 manu

331 2177 488 2221 esse.
577 2157 902 2221 libertatis
947 2160 1276 2221 auctorem
1324 2157 1415 2220 eis
1458 2176 1591 2218 non
1650 2174 1719 2218 se
1766 2154 1903 2219 fore
1952 2154 2188 2237 solum,
2236 2154 2347 2218 sed

331 2244 659 2308 consulem
718 2244 805 2308 M.
850 2243 1259 2325 Marcellum,
1318 2243 1429 2307 sed
1487 2242 1819 2306 universos
1878 2244 2127 2324 patres,
2187 2261 2346 2323 quos

331 2330 661 2395 consultos
722 2331 801 2395 ab
864 2352 932 2394 ue
992 2330 1070 2394 de
1129 2331 1432 2396 libertate
1492 2350 1712 2393 eorum
1774 2327 1897 2393 sibi
1960 2328 2347 2411 permisisse.

260 2431 293 2478 9
330 2418 580 2482 litteras
635 2418 785 2482 inde
831 2417 1112 2483 consulis
1170 2439 1245 2482 ac
1301 2420 1564 2483 senatus
1624 2417 1989 2481 consultum
2033 2416 2347 2481 recitavit.

333 2505 413 2569 ad
477 2526 640 2589 quae
703 2507 944 2571 clamor
1007 2526 1149 2570 cum
1211 2505 1468 2589 ingenti
1532 2505 1805 2569 adsensu
1868 2507 1971 2569 est
2034 2504 2347 2568 sublatus,

329 2612 614 2677 pugnam
640 2594 1022 2678 poscebant,
1050 2594 1434 2678 signumque
1470 2597 1545 2657 ut
1581 2591 1791 2675 daret,
1822 2593 2146 2675 extemplo
2182 2591 2346 2656 fero-

228 2694 297 2742 10
334 2682 491 2746 citer
535 2682 890 2747 instabant.
979 2679 1309 2746 Gracchus
1369 2680 1619 2765 proelio
1672 2680 2126 2761 inposterum
2180 2677 2349 2741 diem

332 2769 756 2853 pronuntiato
787 2770 1151 2834 contionem
1179 2768 1444 2833 dimisit.
1516 2767 1759 2831 milites
1797 2766 1979 2847 laeti,
2007 2765 2349 2849 praecipue
2449 2767 2452 2768 ⁷

334 2856 564 2939 quibus
611 2877 854 2922 merces
900 2859 1176 2921 navatae
1230 2856 1299 2921 in
1344 2877 1545 2921 unum
1589 2855 1757 2918 diem
1805 2873 2036 2936 operae
2080 2852 2350 2917 libertas

331 2944 553 3007 futura
598 2947 764 3026 erat,
810 2944 1007 3008 armis
1057 2940 1471 3027 eipediendis
1519 2943 1643 3006 diei
1688 2941 1858 3026 quod
1903 2944 2038 3004 erat
2079 2940 2350 3005 relicum

266 3043 295 3090 1
334 3034 740 3095 consumunt.
829 3029 971 3095 XV..
1015 3037 1276 3114 postero
1323 3031 1429 3096 die
1474 3029 1585 3094 ubi
1629 3030 1815 3113 signa
1859 3031 2209 3112 coeperunt
2254 3050 2352 3093 ca-

331 3139 513 3201 nere,
556 3118 751 3201 primi
798 3118 1083 3183 omnium
1121 3119 1336 3202 parati
1372 3117 1801 3199 instructique
1839 3115 1922 3180 ad
1957 3117 2353 3199 praetorium

334 3206 741 3273 conveniunt.
811 3207 948 3272 sole
984 3209 1129 3271 orto
1159 3204 1489 3272 Gracchus
1527 3205 1599 3269 in
1625 3204 1829 3270 aciem
1857 3205 2075 3288 copias
2114 3203 2350 3285 educit3

259 3307 292 3354 2
332 3316 451 3359 nec
495 3294 722 3360 hostes
769 3316 1019 3361 moram
1065 3294 1415 3360 dimicandi
1458 3294 1769 3358 fecerunt.
1841 3292 2058 3357 decem
2105 3294 2352 3373 septem

333 3383 517 3447 milia
561 3383 850 3466 peditum
897 3386 1105 3467 erant,
1150 3383 1436 3448 maxima
1481 3402 1559 3446 ex
1602 3384 1788 3465 parte
1828 3379 2075 3444 Bruttii
2122 3397 2195 3441 ac
2229 3375 2354 3441 Lu·

332 3471 504 3553 cani,
544 3473 789 3554 equites
827 3473 1008 3537 mille
1047 3471 1331 3556 ducenti,
1377 3472 1548 3536 inter
1586 3490 1745 3555 quos
1783 3468 1971 3555 pauci
2009 3464 2353 3531 admodum
