<?xml version="1.0" encoding="UTF-8"?>
<!DOCTYPE html PUBLIC "-//W3C//DTD XHTML 1.0 Transitional//EN"
    "http://www.w3.org/TR/xhtml1/DTD/xhtml1-transitional.dtd">
<html xmlns="http://www.w3.org/1999/xhtml" xml:lang="en" lang="en">
 <head>
  <title>
</title>
<meta http-equiv="Content-Type" content="text/html;charset=utf-8" />
  <meta name='ocr-system' content='tesseract 3.04.00' />
  <meta name='ocr-capabilities' content='ocr_page ocr_carea ocr_par ocr_line ocrx_word'/>
</head>
<body>
  <div class='ocr_page' id='page_1' title='image "./aburbeconditali16livygoog_0146.png"; bbox 0 0 2654 3913; ppageno 0'>
   <div class='ocr_carea' id='block_1_1' title="bbox 347 191 2066 265">
    <p class='ocr_par' dir='ltr' id='par_1_1' title="bbox 347 191 2066 265">
     <span class='ocr_line' id='line_1_1' title="bbox 347 191 2066 265; baseline -0.002 -12"><span class='ocrx_word' id='word_1_1' title='bbox 347 197 472 261; x_wconf 84' lang='lat'><strong>138</strong></span> <span class='ocrx_word' id='word_1_2' title='bbox 638 194 852 250; x_wconf 85' lang='lat' dir='ltr'>LIBER</span> <span class='ocrx_word' id='word_1_3' title='bbox 885 194 1078 251; x_wconf 84' lang='lat' dir='ltr'><strong>XXVL</strong></span> <span class='ocrx_word' id='word_1_4' title='bbox 1154 192 1305 247; x_wconf 82' lang='lat' dir='ltr'>CAP.</span> <span class='ocrx_word' id='word_1_5' title='bbox 1349 199 1432 247; x_wconf 83' lang='lat'><strong>21.</strong></span> <span class='ocrx_word' id='word_1_6' title='bbox 1473 199 1559 248; x_wconf 79' lang='lat'><strong>22.</strong></span> <span class='ocrx_word' id='word_1_7' title='bbox 1637 193 1709 263; x_wconf 86' lang='lat' dir='ltr'><strong>[a.</strong></span> <span class='ocrx_word' id='word_1_8' title='bbox 1749 191 1814 247; x_wconf 90' lang='lat' dir='ltr'><strong>U.</strong></span> <span class='ocrx_word' id='word_1_9' title='bbox 1853 210 1898 247; x_wconf 89' lang='lat' dir='ltr'><strong>c.</strong></span> <span class='ocrx_word' id='word_1_10' title='bbox 1937 195 2066 265; x_wconf 79' lang='lat'>543]</span> 
     </span>
    </p>
   </div>
   <div class='ocr_carea' id='block_1_2' title="bbox 230 337 2374 3589">
    <p class='ocr_par' dir='ltr' id='par_1_2' title="bbox 343 337 2366 512">
     <span class='ocr_line' id='line_1_2' title="bbox 343 337 2366 424; baseline 0 -19"><span class='ocrx_word' id='word_1_11' title='bbox 343 341 425 406; x_wconf 89' lang='lat' dir='ltr'><strong>ad</strong></span> <span class='ocrx_word' id='word_1_12' title='bbox 471 362 581 406; x_wconf 88' lang='lat' dir='ltr'><strong>eos</strong></span> <span class='ocrx_word' id='word_1_13' title='bbox 626 339 996 424; x_wconf 75' lang='lat' dir='ltr'>Murgentia</span> <span class='ocrx_word' id='word_1_14' title='bbox 1042 342 1109 404; x_wconf 88' lang='lat' dir='ltr'><strong>et</strong></span> <span class='ocrx_word' id='word_1_15' title='bbox 1150 337 1472 420; x_wconf 61' lang='lat' dir='ltr'><strong>Ergetium</strong></span> <span class='ocrx_word' id='word_1_16' title='bbox 1514 337 1693 402; x_wconf 78' lang='lat' dir='ltr'><strong>urbes</strong></span> <span class='ocrx_word' id='word_1_17' title='bbox 1735 337 2017 419; x_wconf 76' lang='lat' dir='ltr'><strong><em>defecere.</em></strong></span> <span class='ocrx_word' id='word_1_18' title='bbox 2104 344 2366 405; x_wconf 88' lang='lat' dir='ltr'><strong>secutae</strong></span> 
     </span>
     <span class='ocr_line' id='line_1_3' title="bbox 344 425 2366 512; baseline -0.001 -19"><span class='ocrx_word' id='word_1_19' title='bbox 344 426 769 493; x_wconf 88' lang='lat' dir='ltr'><strong>defectionem</strong></span> <span class='ocrx_word' id='word_1_20' title='bbox 829 449 1049 492; x_wconf 89' lang='lat' dir='ltr'><strong>earum</strong></span> <span class='ocrx_word' id='word_1_21' title='bbox 1103 426 1326 511; x_wconf 90' lang='lat' dir='ltr'><strong>Hybla</strong></span> <span class='ocrx_word' id='word_1_22' title='bbox 1383 430 1449 490; x_wconf 87' lang='lat' dir='ltr'><strong>et</strong></span> <span class='ocrx_word' id='word_1_23' title='bbox 1501 425 1779 490; x_wconf 81' lang='lat' dir='ltr'>Macella</span> <span class='ocrx_word' id='word_1_24' title='bbox 1833 429 1985 491; x_wconf 91' lang='lat' dir='ltr'><strong>sunt</strong></span> <span class='ocrx_word' id='word_1_25' title='bbox 2051 429 2118 491; x_wconf 87' lang='lat' dir='ltr'><strong>et</strong></span> <span class='ocrx_word' id='word_1_26' title='bbox 2177 427 2366 512; x_wconf 90' lang='lat' dir='ltr'><strong>igno-</strong></span> 
     </span>
    </p>

    <p class='ocr_par' dir='ltr' id='par_1_3' title="bbox 241 449 2365 689">
     <span class='ocr_line' id='line_1_4' title="bbox 241 449 2365 601; baseline 0.003 -27"><span class='ocrx_word' id='word_1_27' title='bbox 241 527 306 575; x_wconf 82' lang='lat'><strong>15</strong></span> <span class='ocrx_word' id='word_1_28' title='bbox 342 517 606 581; x_wconf 90' lang='lat' dir='ltr'><strong>biliores</strong></span> <span class='ocrx_word' id='word_1_29' title='bbox 651 515 964 601; x_wconf 84' lang='lat' dir='ltr'><strong>quaedam</strong></span> <span class='ocrx_word' id='word_1_30' title='bbox 1002 449 1210 580; x_wconf 53' lang='lat' dir='ltr'><strong>aliae?⁷</strong></span> <span class='ocrx_word' id='word_1_31' title='bbox 1260 517 1326 578; x_wconf 91' lang='lat' dir='ltr'><strong>et</strong></span> <span class='ocrx_word' id='word_1_32' title='bbox 1360 511 1683 577; x_wconf 85' lang='lat' dir='ltr'><strong>Numidae</strong></span> <span class='ocrx_word' id='word_1_33' title='bbox 1718 513 2047 598; x_wconf 89' lang='lat' dir='ltr'><strong>praefecto</strong></span> <span class='ocrx_word' id='word_1_34' title='bbox 2086 513 2365 580; x_wconf 77' lang='lat' dir='ltr'><strong>Muttine</strong></span> 
     </span>
     <span class='ocr_line' id='line_1_5' title="bbox 343 600 2364 689; baseline -0.001 -19"><span class='ocrx_word' id='word_1_35' title='bbox 343 606 493 689; x_wconf 86' lang='lat' dir='ltr'><strong>vagi</strong></span> <span class='ocrx_word' id='word_1_36' title='bbox 521 626 638 688; x_wconf 90' lang='lat' dir='ltr'><strong>per</strong></span> <span class='ocrx_word' id='word_1_37' title='bbox 668 608 879 669; x_wconf 87' lang='lat' dir='ltr'><strong>totam</strong></span> <span class='ocrx_word' id='word_1_38' title='bbox 909 601 1202 668; x_wconf 87' lang='lat' dir='ltr'><strong>Siciliam</strong></span> <span class='ocrx_word' id='word_1_39' title='bbox 1239 601 1562 667; x_wconf 91' lang='lat' dir='ltr'><strong>sociorum</strong></span> <span class='ocrx_word' id='word_1_40' title='bbox 1598 602 1826 686; x_wconf 90' lang='lat' dir='ltr'><strong>populi</strong></span> <span class='ocrx_word' id='word_1_41' title='bbox 1853 600 2130 668; x_wconf 88' lang='lat' dir='ltr'><strong>Romani</strong></span> <span class='ocrx_word' id='word_1_42' title='bbox 2168 623 2364 688; x_wconf 89' lang='lat' dir='ltr'><strong>agros</strong></span> 
     </span>
    </p>

    <p class='ocr_par' dir='ltr' id='par_1_4' title="bbox 243 688 2366 1040">
     <span class='ocr_line' id='line_1_6' title="bbox 243 688 2364 775; baseline 0 -22"><span class='ocrx_word' id='word_1_43' title='bbox 243 706 308 753; x_wconf 79' lang='lat'><strong>16</strong></span> <span class='ocrx_word' id='word_1_44' title='bbox 346 693 638 759; x_wconf 87' lang='lat' dir='ltr'><strong>urebant.</strong></span> <span class='ocrx_word' id='word_1_45' title='bbox 706 713 899 775; x_wconf 90' lang='lat' dir='ltr'><strong>super</strong></span> <span class='ocrx_word' id='word_1_46' title='bbox 933 691 1093 756; x_wconf 89' lang='lat' dir='ltr'><strong>haec</strong></span> <span class='ocrx_word' id='word_1_47' title='bbox 1129 690 1446 755; x_wconf 86' lang='lat' dir='ltr'><strong>exercitus</strong></span> <span class='ocrx_word' id='word_1_48' title='bbox 1484 688 1816 754; x_wconf 88' lang='lat' dir='ltr'><strong>Romanus</strong></span> <span class='ocrx_word' id='word_1_49' title='bbox 1853 690 2085 774; x_wconf 89' lang='lat' dir='ltr'><strong>iratus,</strong></span> <span class='ocrx_word' id='word_1_50' title='bbox 2122 691 2364 775; x_wconf 87' lang='lat' dir='ltr'><strong>partim</strong></span> 
     </span>
     <span class='ocr_line' id='line_1_7' title="bbox 345 778 2364 880; baseline -0.001 -35"><span class='ocrx_word' id='word_1_51' title='bbox 345 780 518 866; x_wconf 89' lang='lat' dir='ltr'><strong>quod</strong></span> <span class='ocrx_word' id='word_1_52' title='bbox 565 802 708 846; x_wconf 91' lang='lat' dir='ltr'><strong>cum</strong></span> <span class='ocrx_word' id='word_1_53' title='bbox 753 780 1141 880; x_wconf 73' lang='lat' dir='ltr'><strong>imperatore</strong></span> <span class='ocrx_word' id='word_1_54' title='bbox 1184 800 1318 844; x_wconf 92' lang='lat' dir='ltr'><strong>non</strong></span> <span class='ocrx_word' id='word_1_55' title='bbox 1355 778 1652 842; x_wconf 85' lang='lat' dir='ltr'><strong>devectus</strong></span> <span class='ocrx_word' id='word_1_56' title='bbox 1691 799 1769 842; x_wconf 86' lang='lat' dir='ltr'><strong>ex</strong></span> <span class='ocrx_word' id='word_1_57' title='bbox 1805 778 2137 861; x_wconf 85' lang='lat' dir='ltr'><strong>provincia</strong></span> <span class='ocrx_word' id='word_1_58' title='bbox 2173 783 2364 861; x_wconf 90' lang='lat' dir='ltr'><strong>esset,</strong></span> 
     </span>
     <span class='ocr_line' id='line_1_8' title="bbox 345 866 2366 952; baseline 0 -21"><span class='ocrx_word' id='word_1_59' title='bbox 345 868 587 950; x_wconf 90' lang='lat' dir='ltr'><strong>partim</strong></span> <span class='ocrx_word' id='word_1_60' title='bbox 634 867 804 950; x_wconf 92' lang='lat' dir='ltr'><strong>quod</strong></span> <span class='ocrx_word' id='word_1_61' title='bbox 849 868 919 931; x_wconf 90' lang='lat' dir='ltr'><strong>in</strong></span> <span class='ocrx_word' id='word_1_62' title='bbox 973 866 1230 951; x_wconf 85' lang='lat' dir='ltr'>oppidis</span> <span class='ocrx_word' id='word_1_63' title='bbox 1276 866 1618 930; x_wconf 88' lang='lat' dir='ltr'><strong>hibernare</strong></span> <span class='ocrx_word' id='word_1_64' title='bbox 1672 866 1859 930; x_wconf 85' lang='lat' dir='ltr'><strong>vetiti</strong></span> <span class='ocrx_word' id='word_1_65' title='bbox 1914 870 2124 951; x_wconf 87' lang='lat' dir='ltr'><strong>erant,</strong></span> <span class='ocrx_word' id='word_1_66' title='bbox 2178 870 2366 952; x_wconf 86' lang='lat' dir='ltr'><strong>segni</strong></span> 
     </span>
     <span class='ocr_line' id='line_1_9' title="bbox 345 954 2363 1040; baseline 0 -20"><span class='ocrx_word' id='word_1_67' title='bbox 345 956 784 1040; x_wconf 87' lang='lat' dir='ltr'><strong>fungebantur</strong></span> <span class='ocrx_word' id='word_1_68' title='bbox 836 954 1099 1038; x_wconf 87' lang='lat' dir='ltr'><strong>militia,</strong></span> <span class='ocrx_word' id='word_1_69' title='bbox 1155 955 1490 1039; x_wconf 79' lang='lat' dir='ltr'><strong>magisque</strong></span> <span class='ocrx_word' id='word_1_70' title='bbox 1545 954 1638 1019; x_wconf 92' lang='lat' dir='ltr'><strong>eis</strong></span> <span class='ocrx_word' id='word_1_71' title='bbox 1685 958 1913 1019; x_wconf 88' lang='lat' dir='ltr'><strong>auctor</strong></span> <span class='ocrx_word' id='word_1_72' title='bbox 1967 955 2049 1020; x_wconf 90' lang='lat' dir='ltr'><strong>ad</strong></span> <span class='ocrx_word' id='word_1_73' title='bbox 2104 955 2363 1020; x_wconf 90' lang='lat' dir='ltr'><strong>seditio·</strong></span> 
     </span>
    </p>

    <p class='ocr_par' dir='ltr' id='par_1_5' title="bbox 244 1036 2366 1567">
     <span class='ocr_line' id='line_1_10' title="bbox 244 1036 2366 1126; baseline 0.002 -24"><span class='ocrx_word' id='word_1_74' title='bbox 244 1057 307 1103; x_wconf 83' lang='lat'><strong>17</strong></span> <span class='ocrx_word' id='word_1_75' title='bbox 345 1065 492 1108; x_wconf 91' lang='lat' dir='ltr'><strong>nem</strong></span> <span class='ocrx_word' id='word_1_76' title='bbox 521 1064 715 1126; x_wconf 88' lang='lat' dir='ltr'><strong>quam</strong></span> <span class='ocrx_word' id='word_1_77' title='bbox 744 1042 996 1107; x_wconf 88' lang='lat' dir='ltr'><strong>animus</strong></span> <span class='ocrx_word' id='word_1_78' title='bbox 1025 1042 1265 1107; x_wconf 88' lang='lat' dir='ltr'><strong>deerat.</strong></span> <span class='ocrx_word' id='word_1_79' title='bbox 1311 1043 1484 1107; x_wconf 91' lang='lat' dir='ltr'><strong>inter</strong></span> <span class='ocrx_word' id='word_1_80' title='bbox 1511 1042 1629 1107; x_wconf 87' lang='lat' dir='ltr'><strong>has</strong></span> <span class='ocrx_word' id='word_1_81' title='bbox 1660 1041 2074 1107; x_wconf 88' lang='lat' dir='ltr'><strong>difficultates</strong></span> <span class='ocrx_word' id='word_1_82' title='bbox 2101 1042 2188 1108; x_wconf 91' lang='lat' dir='ltr'><strong>M.</strong></span> <span class='ocrx_word' id='word_1_83' title='bbox 2208 1036 2366 1109; x_wconf 88' lang='lat' dir='ltr'><strong>Cor·</strong></span> 
     </span>
     <span class='ocr_line' id='line_1_11' title="bbox 341 1130 2365 1214; baseline -0 -18"><span class='ocrx_word' id='word_1_84' title='bbox 341 1131 552 1196; x_wconf 91' lang='lat' dir='ltr'><strong>nelius</strong></span> <span class='ocrx_word' id='word_1_85' title='bbox 579 1133 839 1214; x_wconf 88' lang='lat' dir='ltr'><strong>praetor</strong></span> <span class='ocrx_word' id='word_1_86' title='bbox 868 1134 933 1195; x_wconf 93' lang='lat' dir='ltr'><strong>et</strong></span> <span class='ocrx_word' id='word_1_87' title='bbox 960 1131 1242 1195; x_wconf 90' lang='lat' dir='ltr'><strong>militum</strong></span> <span class='ocrx_word' id='word_1_88' title='bbox 1282 1130 1533 1196; x_wconf 89' lang='lat' dir='ltr'><strong>animos</strong></span> <span class='ocrx_word' id='word_1_89' title='bbox 1563 1151 1731 1195; x_wconf 89' lang='lat' dir='ltr'><strong>nunc</strong></span> <span class='ocrx_word' id='word_1_90' title='bbox 1767 1131 2158 1195; x_wconf 88' lang='lat' dir='ltr'><strong>consolando</strong></span> <span class='ocrx_word' id='word_1_91' title='bbox 2196 1153 2365 1195; x_wconf 92' lang='lat' dir='ltr'><strong>nunc</strong></span> 
     </span>
     <span class='ocr_line' id='line_1_12' title="bbox 345 1217 2363 1303; baseline -0 -18"><span class='ocrx_word' id='word_1_92' title='bbox 345 1219 726 1303; x_wconf 87' lang='lat' dir='ltr'><strong>castigando</strong></span> <span class='ocrx_word' id='word_1_93' title='bbox 765 1219 1014 1283; x_wconf 85' lang='lat' dir='ltr'><strong>sedavit</strong></span> <span class='ocrx_word' id='word_1_94' title='bbox 1055 1223 1120 1284; x_wconf 92' lang='lat' dir='ltr'><strong>et</strong></span> <span class='ocrx_word' id='word_1_95' title='bbox 1156 1220 1450 1294; x_wconf 84' lang='lat' dir='ltr'><strong>civitates</strong></span> <span class='ocrx_word' id='word_1_96' title='bbox 1491 1219 1726 1299; x_wconf 89' lang='lat' dir='ltr'><strong>omnis,</strong></span> <span class='ocrx_word' id='word_1_97' title='bbox 1774 1239 1934 1300; x_wconf 88' lang='lat' dir='ltr'><strong>quae</strong></span> <span class='ocrx_word' id='word_1_98' title='bbox 1976 1217 2363 1301; x_wconf 75' lang='lat' dir='ltr'><strong>defecerant,</strong></span> 
     </span>
     <span class='ocr_line' id='line_1_13' title="bbox 344 1303 2363 1392; baseline -0 -20"><span class='ocrx_word' id='word_1_99' title='bbox 344 1309 412 1373; x_wconf 91' lang='lat' dir='ltr'><strong>in</strong></span> <span class='ocrx_word' id='word_1_100' title='bbox 456 1307 773 1372; x_wconf 83' lang='lat' dir='ltr'><strong>dicionem</strong></span> <span class='ocrx_word' id='word_1_101' title='bbox 826 1307 1079 1392; x_wconf 84' lang='lat' dir='ltr'><strong>redegit</strong></span> <span class='ocrx_word' id='word_1_102' title='bbox 1136 1312 1330 1392; x_wconf 87' lang='lat' dir='ltr'><strong>atque</strong></span> <span class='ocrx_word' id='word_1_103' title='bbox 1386 1330 1464 1371; x_wconf 84' lang='lat' dir='ltr'><strong>ex</strong></span> <span class='ocrx_word' id='word_1_104' title='bbox 1521 1308 1601 1370; x_wconf 89' lang='lat' dir='ltr'><strong>iis</strong></span> <span class='ocrx_word' id='word_1_105' title='bbox 1647 1304 2082 1391; x_wconf 87' lang='lat' dir='ltr'><strong>Murgentiam</strong></span> <span class='ocrx_word' id='word_1_106' title='bbox 2126 1303 2363 1390; x_wconf 88' lang='lat' dir='ltr'><strong>Hispa·</strong></span> 
     </span>
     <span class='ocr_line' id='line_1_14' title="bbox 344 1396 2364 1480; baseline -0.001 -19"><span class='ocrx_word' id='word_1_107' title='bbox 344 1397 447 1461; x_wconf 90' lang='lat' dir='ltr'><strong>nis</strong></span> <span class='ocrx_word' id='word_1_108' title='bbox 457 1447 475 1479; x_wconf 99' lang='lat'><strong>,</strong></span> <span class='ocrx_word' id='word_1_109' title='bbox 521 1396 754 1479; x_wconf 89' lang='lat' dir='ltr'><strong>quibus</strong></span> <span class='ocrx_word' id='word_1_110' title='bbox 814 1396 968 1461; x_wconf 90' lang='lat' dir='ltr'><strong>urbs</strong></span> <span class='ocrx_word' id='word_1_111' title='bbox 1024 1416 1302 1480; x_wconf 86' lang='lat' dir='ltr'><strong>agerque</strong></span> <span class='ocrx_word' id='word_1_112' title='bbox 1359 1396 1712 1460; x_wconf 87' lang='lat' dir='ltr'><strong>debebatur</strong></span> <span class='ocrx_word' id='word_1_113' title='bbox 1765 1416 1844 1459; x_wconf 84' lang='lat' dir='ltr'><strong>ex</strong></span> <span class='ocrx_word' id='word_1_114' title='bbox 1898 1398 2159 1459; x_wconf 89' lang='lat' dir='ltr'><strong>senatus</strong></span> <span class='ocrx_word' id='word_1_115' title='bbox 2215 1415 2364 1460; x_wconf 91' lang='lat' dir='ltr'><strong>con-</strong></span> 
     </span>
     <span class='ocr_line' id='line_1_15' title="bbox 348 1484 913 1567; baseline 0 -18"><span class='ocrx_word' id='word_1_116' title='bbox 348 1487 546 1567; x_wconf 89' lang='lat' dir='ltr'><strong>sulto,</strong></span> <span class='ocrx_word' id='word_1_117' title='bbox 594 1484 913 1550; x_wconf 89' lang='lat' dir='ltr'><strong>attribuit.</strong></span> 
     </span>
    </p>

    <p class='ocr_par' dir='ltr' id='par_1_6' title="bbox 279 1571 2366 1915">
     <span class='ocr_line' id='line_1_16' title="bbox 279 1571 2366 1655; baseline 0.002 -23"><span class='ocrx_word' id='word_1_118' title='bbox 279 1584 305 1632; x_wconf 88' lang='lat'>1</span> <span class='ocrx_word' id='word_1_119' title='bbox 522 1572 731 1637; x_wconf 91' lang='lat' dir='ltr'>XXII.</span> <span class='ocrx_word' id='word_1_120' title='bbox 805 1571 1114 1637; x_wconf 81' lang='lat' dir='ltr'><strong>Consules</strong></span> <span class='ocrx_word' id='word_1_121' title='bbox 1172 1593 1315 1637; x_wconf 92' lang='lat' dir='ltr'><strong>cum</strong></span> <span class='ocrx_word' id='word_1_122' title='bbox 1372 1571 1563 1636; x_wconf 89' lang='lat' dir='ltr'><strong>ambo</strong></span> <span class='ocrx_word' id='word_1_123' title='bbox 1611 1571 1937 1654; x_wconf 89' lang='lat' dir='ltr'><strong>Apuliam.</strong></span> <span class='ocrx_word' id='word_1_124' title='bbox 1962 1573 2366 1655; x_wconf 85' lang='lat' dir='ltr'><strong>provinciam</strong></span> 
     </span>
     <span class='ocr_line' id='line_1_17' title="bbox 346 1658 2367 1742; baseline -0.001 -16"><span class='ocrx_word' id='word_1_125' title='bbox 346 1662 687 1741; x_wconf 88' lang='lat' dir='ltr'><strong>haberent,</strong></span> <span class='ocrx_word' id='word_1_126' title='bbox 742 1661 1079 1742; x_wconf 89' lang='lat' dir='ltr'><strong>minusque</strong></span> <span class='ocrx_word' id='word_1_127' title='bbox 1134 1660 1265 1723; x_wconf 89' lang='lat' dir='ltr'><strong>iam</strong></span> <span class='ocrx_word' id='word_1_128' title='bbox 1319 1659 1585 1723; x_wconf 89' lang='lat' dir='ltr'><strong>terroris</strong></span> <span class='ocrx_word' id='word_1_129' title='bbox 1643 1681 1681 1721; x_wconf 91' lang='lat' dir='ltr'><strong>a</strong></span> <span class='ocrx_word' id='word_1_130' title='bbox 1726 1658 1960 1723; x_wconf 90' lang='lat' dir='ltr'><strong>Poenis</strong></span> <span class='ocrx_word' id='word_1_131' title='bbox 2010 1664 2075 1724; x_wconf 93' lang='lat' dir='ltr'><strong>et</strong></span> <span class='ocrx_word' id='word_1_132' title='bbox 2121 1659 2367 1725; x_wconf 89' lang='lat' dir='ltr'><strong>Hanni·</strong></span> 
     </span>
     <span class='ocr_line' id='line_1_18' title="bbox 347 1744 2367 1845; baseline 0 -34"><span class='ocrx_word' id='word_1_133' title='bbox 347 1749 492 1811; x_wconf 87' lang='lat' dir='ltr'><strong>bale</strong></span> <span class='ocrx_word' id='word_1_134' title='bbox 540 1752 735 1825; x_wconf 89' lang='lat' dir='ltr'><strong>esset,</strong></span> <span class='ocrx_word' id='word_1_135' title='bbox 782 1748 1001 1810; x_wconf 87' lang='lat' dir='ltr'><strong>sortiri</strong></span> <span class='ocrx_word' id='word_1_136' title='bbox 1045 1746 1207 1809; x_wconf 90' lang='lat' dir='ltr'><strong>iussi</strong></span> <span class='ocrx_word' id='word_1_137' title='bbox 1242 1745 1555 1828; x_wconf 89' lang='lat' dir='ltr'><strong>Apuliam</strong></span> <span class='ocrx_word' id='word_1_138' title='bbox 1597 1744 2171 1845; x_wconf 78' lang='lat' dir='ltr'><strong>Macedoniamque</strong></span> <span class='ocrx_word' id='word_1_139' title='bbox 2215 1769 2367 1828; x_wconf 89' lang='lat' dir='ltr'><strong>pro-</strong></span> 
     </span>
     <span class='ocr_line' id='line_1_19' title="bbox 346 1831 2364 1915; baseline 0.001 -19"><span class='ocrx_word' id='word_1_140' title='bbox 346 1834 605 1898; x_wconf 74' lang='lat' dir='ltr'><strong>vincias.</strong></span> <span class='ocrx_word' id='word_1_141' title='bbox 704 1831 989 1915; x_wconf 87' lang='lat' dir='ltr'><strong>Sulpicio</strong></span> <span class='ocrx_word' id='word_1_142' title='bbox 1060 1832 1443 1897; x_wconf 88' lang='lat' dir='ltr'><strong>Macedonia</strong></span> <span class='ocrx_word' id='word_1_143' title='bbox 1516 1833 1761 1915; x_wconf 87' lang='lat' dir='ltr'><strong>evenit,</strong></span> <span class='ocrx_word' id='word_1_144' title='bbox 1832 1834 2015 1915; x_wconf 89' lang='lat' dir='ltr'><strong>isque</strong></span> <span class='ocrx_word' id='word_1_145' title='bbox 2077 1831 2364 1899; x_wconf 84' lang='lat' dir='ltr'><strong>Laevino</strong></span> 
     </span>
    </p>

    <p class='ocr_par' dir='ltr' id='par_1_7' title="bbox 274 1919 2369 2183">
     <span class='ocr_line' id='line_1_20' title="bbox 274 1919 2362 1988; baseline 0.001 -3"><span class='ocrx_word' id='word_1_146' title='bbox 274 1935 307 1985; x_wconf 83' lang='lat'>2</span> <span class='ocrx_word' id='word_1_147' title='bbox 349 1920 675 1988; x_wconf 89' lang='lat' dir='ltr'><strong>successit.</strong></span> <span class='ocrx_word' id='word_1_148' title='bbox 747 1920 1012 1987; x_wconf 86' lang='lat' dir='ltr'><strong>Fulvius</strong></span> <span class='ocrx_word' id='word_1_149' title='bbox 1039 1920 1316 1988; x_wconf 87' lang='lat' dir='ltr'><strong>Romam</strong></span> <span class='ocrx_word' id='word_1_150' title='bbox 1356 1919 1763 1987; x_wconf 88' lang='lat' dir='ltr'><strong>comitiorum</strong></span> <span class='ocrx_word' id='word_1_151' title='bbox 1793 1940 1990 1986; x_wconf 88' lang='lat' dir='ltr'><strong>causa</strong></span> <span class='ocrx_word' id='word_1_152' title='bbox 2017 1921 2362 1987; x_wconf 87' lang='lat' dir='ltr'><strong>arcessitus</strong></span> 
     </span>
     <span class='ocr_line' id='line_1_21' title="bbox 349 2010 2369 2103; baseline 0 -27"><span class='ocrx_word' id='word_1_153' title='bbox 349 2033 492 2076; x_wconf 93' lang='lat' dir='ltr'><strong>cum</strong></span> <span class='ocrx_word' id='word_1_154' title='bbox 522 2010 789 2076; x_wconf 89' lang='lat' dir='ltr'><strong>comitia</strong></span> <span class='ocrx_word' id='word_1_155' title='bbox 820 2011 1194 2094; x_wconf 77' lang='lat' dir='ltr'><strong>consulibus</strong></span> <span class='ocrx_word' id='word_1_156' title='bbox 1233 2011 1560 2103; x_wconf 59' lang='lat' dir='ltr'><strong>[gaudis</strong></span> <span class='ocrx_word' id='word_1_157' title='bbox 1578 2010 1877 2093; x_wconf 89' lang='lat' dir='ltr'><strong>haberet,</strong></span> <span class='ocrx_word' id='word_1_158' title='bbox 1914 2012 2369 2095; x_wconf 87' lang='lat' dir='ltr'><strong>praerogativa</strong></span> 
     </span>
     <span class='ocr_line' id='line_1_22' title="bbox 348 2084 2367 2183; baseline 0.001 -19"><span class='ocrx_word' id='word_1_159' title='bbox 348 2100 622 2166; x_wconf 88' lang='lat' dir='ltr'><strong>Voturia</strong></span> <span class='ocrx_word' id='word_1_160' title='bbox 672 2100 998 2165; x_wconf 86' lang='lat' dir='ltr'><strong>iuniorum</strong></span> <span class='ocrx_word' id='word_1_161' title='bbox 1006 2084 1496 2165; x_wconf 66' lang='grc' dir='ltr'>ΤἮαιιΗιιιιι</span> <span class='ocrx_word' id='word_1_162' title='bbox 1528 2098 1928 2183; x_wconf 82' lang='lat' dir='ltr'><strong>Torquatum</strong></span> <span class='ocrx_word' id='word_1_163' title='bbox 1985 2102 2051 2162; x_wconf 92' lang='lat' dir='ltr'><strong>et</strong></span> <span class='ocrx_word' id='word_1_164' title='bbox 2094 2099 2167 2165; x_wconf 92' lang='grc' dir='ltr'><strong>Τ.</strong></span> <span class='ocrx_word' id='word_1_165' title='bbox 2214 2098 2367 2165; x_wconf 88' lang='lat' dir='ltr'><strong>Ota-</strong></span> 
     </span>
    </p>

    <p class='ocr_par' dir='ltr' id='par_1_8' title="bbox 277 2187 2368 2443">
     <span class='ocr_line' id='line_1_23' title="bbox 277 2187 2368 2271; baseline 0.003 -24"><span class='ocrx_word' id='word_1_166' title='bbox 277 2203 310 2247; x_wconf 86' lang='lat'><strong>3</strong></span> <span class='ocrx_word' id='word_1_167' title='bbox 350 2189 568 2253; x_wconf 90' lang='lat' dir='ltr'><strong>cilium</strong></span> <span class='ocrx_word' id='word_1_168' title='bbox 613 2189 917 2252; x_wconf 77' lang='lat' dir='ltr'><strong>absentem</strong></span> <span class='ocrx_word' id='word_1_169' title='bbox 960 2189 1232 2252; x_wconf 79' lang='lat' dir='ltr'><strong>consules</strong></span> <span class='ocrx_word' id='word_1_170' title='bbox 1278 2189 1458 2252; x_wconf 75' lang='lat' dir='ltr'><strong>dixit.</strong></span> <span class='ocrx_word' id='word_1_171' title='bbox 1547 2208 1687 2252; x_wconf 82' lang='lat' dir='ltr'><strong>cum</strong></span> <span class='ocrx_word' id='word_1_172' title='bbox 1730 2189 1818 2251; x_wconf 84' lang='lat' dir='ltr'><strong>ad</strong></span> <span class='ocrx_word' id='word_1_173' title='bbox 1857 2187 2209 2270; x_wconf 78' lang='lat' dir='ltr'><strong>Manlium,</strong></span> <span class='ocrx_word' id='word_1_174' title='bbox 2256 2189 2368 2271; x_wconf 92' lang='lat' dir='ltr'><strong>qui</strong></span> 
     </span>
     <span class='ocr_line' id='line_1_24' title="bbox 350 2274 2365 2356; baseline 0 -19"><span class='ocrx_word' id='word_1_175' title='bbox 350 2295 652 2356; x_wconf 87' lang='lat' dir='ltr'><strong>praesens</strong></span> <span class='ocrx_word' id='word_1_176' title='bbox 684 2278 851 2355; x_wconf 89' lang='lat' dir='ltr'><strong>erat,</strong></span> <span class='ocrx_word' id='word_1_177' title='bbox 879 2274 1251 2356; x_wconf 85' lang='lat' dir='ltr'><strong>gratulandi</strong></span> <span class='ocrx_word' id='word_1_178' title='bbox 1279 2295 1473 2338; x_wconf 88' lang='lat' dir='ltr'><strong>causa</strong></span> <span class='ocrx_word' id='word_1_179' title='bbox 1499 2274 1693 2337; x_wconf 90' lang='lat' dir='ltr'><strong>turba</strong></span> <span class='ocrx_word' id='word_1_180' title='bbox 1721 2274 1947 2355; x_wconf 88' lang='lat' dir='ltr'><strong>coiret,</strong></span> <span class='ocrx_word' id='word_1_181' title='bbox 1976 2294 2096 2337; x_wconf 91' lang='lat' dir='ltr'><strong>nec</strong></span> <span class='ocrx_word' id='word_1_182' title='bbox 2131 2274 2365 2338; x_wconf 89' lang='lat' dir='ltr'><strong>dubius</strong></span> 
     </span>
     <span class='ocr_line' id='line_1_25' title="bbox 350 2359 2368 2443; baseline 0.001 -19"><span class='ocrx_word' id='word_1_183' title='bbox 350 2365 519 2424; x_wconf 90' lang='lat' dir='ltr'><strong>esset</strong></span> <span class='ocrx_word' id='word_1_184' title='bbox 564 2380 915 2424; x_wconf 90' lang='lat' dir='ltr'><strong>consensus</strong></span> <span class='ocrx_word' id='word_1_185' title='bbox 960 2360 1211 2442; x_wconf 89' lang='lat' dir='ltr'><strong>populi,</strong></span> <span class='ocrx_word' id='word_1_186' title='bbox 1271 2380 1510 2443; x_wconf 85' lang='lat' dir='ltr'><strong>magna</strong></span> <span class='ocrx_word' id='word_1_187' title='bbox 1564 2359 1987 2423; x_wconf 90' lang='lat' dir='ltr'><strong>circumfusus</strong></span> <span class='ocrx_word' id='word_1_188' title='bbox 2043 2361 2239 2425; x_wconf 89' lang='lat' dir='ltr'><strong>turba</strong></span> <span class='ocrx_word' id='word_1_189' title='bbox 2284 2362 2368 2426; x_wconf 90' lang='lat' dir='ltr'><strong>ad</strong></span> 
     </span>
    </p>

    <p class='ocr_par' dir='ltr' id='par_1_9' title="bbox 278 2447 2370 2620">
     <span class='ocr_line' id='line_1_26' title="bbox 278 2447 2370 2530; baseline 0.002 -21"><span class='ocrx_word' id='word_1_190' title='bbox 278 2462 311 2509; x_wconf 86' lang='lat'>4</span> <span class='ocrx_word' id='word_1_191' title='bbox 349 2447 638 2513; x_wconf 92' lang='lat' dir='ltr'><strong>tribunal</strong></span> <span class='ocrx_word' id='word_1_192' title='bbox 693 2447 975 2512; x_wconf 85' lang='lat' dir='ltr'><strong>consulis</strong></span> <span class='ocrx_word' id='word_1_193' title='bbox 1022 2447 1198 2512; x_wconf 84' lang='lat' dir='ltr'><strong>venit</strong></span> <span class='ocrx_word' id='word_1_194' title='bbox 1240 2448 1562 2530; x_wconf 87' lang='lat' dir='ltr'><strong>petitque,</strong></span> <span class='ocrx_word' id='word_1_195' title='bbox 1616 2451 1689 2512; x_wconf 91' lang='lat' dir='ltr'><strong>ut</strong></span> <span class='ocrx_word' id='word_1_196' title='bbox 1744 2467 1951 2530; x_wconf 88' lang='lat' dir='ltr'><strong>pauca</strong></span> <span class='ocrx_word' id='word_1_197' title='bbox 2004 2469 2123 2513; x_wconf 89' lang='lat' dir='ltr'><strong>sua</strong></span> <span class='ocrx_word' id='word_1_198' title='bbox 2167 2449 2370 2513; x_wconf 85' lang='lat' dir='ltr'><strong>verba</strong></span> 
     </span>
     <span class='ocr_line' id='line_1_27' title="bbox 350 2535 2367 2620; baseline 0 -19"><span class='ocrx_word' id='word_1_199' title='bbox 350 2535 603 2601; x_wconf 88' lang='lat' dir='ltr'><strong>audiret</strong></span> <span class='ocrx_word' id='word_1_200' title='bbox 648 2535 1156 2620; x_wconf 84' lang='lat' dir='ltr'><strong>centuriamque,</strong></span> <span class='ocrx_word' id='word_1_201' title='bbox 1212 2557 1375 2619; x_wconf 88' lang='lat' dir='ltr'><strong>quae</strong></span> <span class='ocrx_word' id='word_1_202' title='bbox 1427 2535 1690 2600; x_wconf 90' lang='lat' dir='ltr'><strong>tulisset</strong></span> <span class='ocrx_word' id='word_1_203' title='bbox 1735 2535 2141 2620; x_wconf 87' lang='lat' dir='ltr'><strong>suffragium,</strong></span> <span class='ocrx_word' id='word_1_204' title='bbox 2187 2558 2367 2602; x_wconf 85' lang='lat' dir='ltr'><strong>revo-</strong></span> 
     </span>
    </p>

    <p class='ocr_par' dir='ltr' id='par_1_10' title="bbox 279 2624 2369 2708">
     <span class='ocr_line' id='line_1_28' title="bbox 279 2624 2369 2708; baseline 0.002 -22"><span class='ocrx_word' id='word_1_205' title='bbox 279 2639 311 2686; x_wconf 80' lang='lat'>5</span> <span class='ocrx_word' id='word_1_206' title='bbox 351 2624 486 2691; x_wconf 89' lang='lat' dir='ltr'><strong>cari</strong></span> <span class='ocrx_word' id='word_1_207' title='bbox 539 2624 809 2691; x_wconf 87' lang='lat' dir='ltr'><strong>iuberet.</strong></span> <span class='ocrx_word' id='word_1_208' title='bbox 897 2625 1128 2690; x_wconf 91' lang='lat' dir='ltr'><strong>erectis</strong></span> <span class='ocrx_word' id='word_1_209' title='bbox 1182 2625 1481 2691; x_wconf 90' lang='lat' dir='ltr'><strong>omnibus</strong></span> <span class='ocrx_word' id='word_1_210' title='bbox 1538 2626 2009 2708; x_wconf 84' lang='lat' dir='ltr'><strong>expectatione,</strong></span> <span class='ocrx_word' id='word_1_211' title='bbox 2065 2624 2369 2708; x_wconf 88' lang='lat' dir='ltr'><strong>quidnam</strong></span> 
     </span>
    </p>

    <p class='ocr_par' dir='ltr' id='par_1_11' title="bbox 230 2713 2368 2798">
     <span class='ocr_line' id='line_1_29' title="bbox 230 2713 2368 2798; baseline -0 -19"><span class='ocrx_word' id='word_1_212' title='bbox 230 2734 231 2737; x_wconf 69' lang='grc'>’</span> <span class='ocrx_word' id='word_1_213' title='bbox 351 2715 793 2798; x_wconf 89' lang='lat' dir='ltr'><strong>postulaturus</strong></span> <span class='ocrx_word' id='word_1_214' title='bbox 852 2717 1050 2796; x_wconf 83' lang='lat' dir='ltr'><strong>esset,</strong></span> <span class='ocrx_word' id='word_1_215' title='bbox 1115 2714 1448 2779; x_wconf 90' lang='lat' dir='ltr'><strong>oculorum</strong></span> <span class='ocrx_word' id='word_1_216' title='bbox 1511 2713 1946 2778; x_wconf 88' lang='lat' dir='ltr'><strong>valetudinem</strong></span> <span class='ocrx_word' id='word_1_217' title='bbox 2009 2714 2368 2778; x_wconf 83' lang='lat' dir='ltr'><strong>excusavit:</strong></span> 
     </span>
    </p>

    <p class='ocr_par' dir='ltr' id='par_1_12' title="bbox 282 2802 2371 2974">
     <span class='ocr_line' id='line_1_30' title="bbox 282 2802 2369 2905; baseline 0 -42"><span class='ocrx_word' id='word_1_218' title='bbox 282 2815 314 2863; x_wconf 83' lang='grc'><strong>6</strong></span> <span class='ocrx_word' id='word_1_219' title='bbox 353 2803 794 2905; x_wconf 60' lang='lat' dir='ltr'><strong>impudentem</strong></span> <span class='ocrx_word' id='word_1_220' title='bbox 831 2804 897 2867; x_wconf 90' lang='lat' dir='ltr'><strong>et</strong></span> <span class='ocrx_word' id='word_1_221' title='bbox 1023 2803 1431 2868; x_wconf 87' lang='lat' dir='ltr'><strong>bernatorem</strong></span> <span class='ocrx_word' id='word_1_222' title='bbox 1470 2805 1535 2865; x_wconf 88' lang='lat' dir='ltr'><strong>et</strong></span> <span class='ocrx_word' id='word_1_223' title='bbox 1561 2802 2019 2886; x_wconf 88' lang='lat' dir='ltr'><strong>imperatorem</strong></span> <span class='ocrx_word' id='word_1_224' title='bbox 2047 2822 2187 2865; x_wconf 90' lang='lat' dir='ltr'><strong>esse</strong></span> <span class='ocrx_word' id='word_1_225' title='bbox 2196 2802 2369 2885; x_wconf 88' lang='lat' dir='ltr'><strong>,qui,</strong></span> 
     </span>
     <span class='ocr_line' id='line_1_31' title="bbox 353 2886 2371 2974; baseline -0 -19"><span class='ocrx_word' id='word_1_226' title='bbox 353 2913 501 2955; x_wconf 92' lang='lat' dir='ltr'><strong>cum</strong></span> <span class='ocrx_word' id='word_1_227' title='bbox 547 2886 777 2956; x_wconf 78' lang='lat' dir='ltr'><strong>alienis</strong></span> <span class='ocrx_word' id='word_1_228' title='bbox 825 2911 945 2954; x_wconf 92' lang='lat' dir='ltr'><strong>ocu</strong></span> <span class='ocrx_word' id='word_1_229' title='bbox 974 2890 1029 2955; x_wconf 91' lang='lat' dir='ltr'><strong>is</strong></span> <span class='ocrx_word' id='word_1_230' title='bbox 1068 2890 1127 2954; x_wconf 90' lang='lat' dir='ltr'><strong>ei</strong></span> <span class='ocrx_word' id='word_1_231' title='bbox 1165 2891 1383 2954; x_wconf 90' lang='lat' dir='ltr'><strong>omnia</strong></span> <span class='ocrx_word' id='word_1_232' title='bbox 1419 2889 1671 2974; x_wconf 87' lang='lat' dir='ltr'><strong>agenda</strong></span> <span class='ocrx_word' id='word_1_233' title='bbox 1716 2890 1874 2972; x_wconf 90' lang='lat' dir='ltr'><strong>sint,</strong></span> <span class='ocrx_word' id='word_1_234' title='bbox 1917 2889 2209 2972; x_wconf 88' lang='lat' dir='ltr'><strong>postulet</strong></span> <span class='ocrx_word' id='word_1_235' title='bbox 2244 2890 2371 2954; x_wconf 89' lang='lat' dir='ltr'><strong>sibi</strong></span> 
     </span>
    </p>

    <p class='ocr_par' dir='ltr' id='par_1_13' title="bbox 284 2976 2373 3238">
     <span class='ocr_line' id='line_1_32' title="bbox 284 2976 2371 3061; baseline 0.002 -23"><span class='ocrx_word' id='word_1_236' title='bbox 284 2991 314 3038; x_wconf 76' lang='lat'>7</span> <span class='ocrx_word' id='word_1_237' title='bbox 354 2979 631 3042; x_wconf 89' lang='lat' dir='ltr'><strong>aliorum</strong></span> <span class='ocrx_word' id='word_1_238' title='bbox 683 2977 900 3061; x_wconf 89' lang='lat' dir='ltr'><strong>capita</strong></span> <span class='ocrx_word' id='word_1_239' title='bbox 952 2998 1027 3041; x_wconf 90' lang='lat' dir='ltr'><strong>ac</strong></span> <span class='ocrx_word' id='word_1_240' title='bbox 1074 2977 1369 3042; x_wconf 89' lang='lat' dir='ltr'><strong>fortunas</strong></span> <span class='ocrx_word' id='word_1_241' title='bbox 1419 2977 1755 3042; x_wconf 88' lang='lat' dir='ltr'><strong>committi.</strong></span> <span class='ocrx_word' id='word_1_242' title='bbox 1827 2976 2122 3079; x_wconf 89' lang='lat' dir='ltr'><strong>proinde,</strong></span> <span class='ocrx_word' id='word_1_243' title='bbox 2172 2977 2228 3042; x_wconf 91' lang='lat' dir='ltr'><strong>si</strong></span> <span class='ocrx_word' id='word_1_244' title='bbox 2278 2977 2371 3043; x_wconf 86' lang='lat' dir='ltr'><strong>vi·</strong></span> 
     </span>
     <span class='ocr_line' id='line_1_33' title="bbox 355 3061 2370 3147; baseline 0.001 -19"><span class='ocrx_word' id='word_1_245' title='bbox 355 3065 613 3129; x_wconf 90' lang='lat' dir='ltr'><strong>deretur</strong></span> <span class='ocrx_word' id='word_1_246' title='bbox 668 3065 752 3146; x_wconf 90' lang='lat' dir='ltr'><strong>ei,</strong></span> <span class='ocrx_word' id='word_1_247' title='bbox 815 3063 1020 3129; x_wconf 87' lang='lat' dir='ltr'><strong>redire</strong></span> <span class='ocrx_word' id='word_1_248' title='bbox 1084 3065 1154 3128; x_wconf 89' lang='lat' dir='ltr'><strong>in</strong></span> <span class='ocrx_word' id='word_1_249' title='bbox 1212 3061 1594 3147; x_wconf 86' lang='lat' dir='ltr'><strong>suffragium</strong></span> <span class='ocrx_word' id='word_1_250' title='bbox 1648 3064 1994 3129; x_wconf 89' lang='lat' dir='ltr'><strong>Voturiam</strong></span> <span class='ocrx_word' id='word_1_251' title='bbox 2046 3065 2370 3133; x_wconf 87' lang='lat' dir='ltr'><strong>iuniorum</strong></span> 
     </span>
     <span class='ocr_line' id='line_1_34' title="bbox 353 3151 2373 3238; baseline -0 -19"><span class='ocrx_word' id='word_1_252' title='bbox 353 3154 605 3219; x_wconf 88' lang='lat' dir='ltr'><strong>iuberet</strong></span> <span class='ocrx_word' id='word_1_253' title='bbox 642 3156 710 3218; x_wconf 88' lang='lat' dir='ltr'><strong>et</strong></span> <span class='ocrx_word' id='word_1_254' title='bbox 746 3151 1116 3217; x_wconf 87' lang='lat' dir='ltr'><strong>meminisse</strong></span> <span class='ocrx_word' id='word_1_255' title='bbox 1156 3152 1226 3216; x_wconf 91' lang='lat' dir='ltr'><strong>in</strong></span> <span class='ocrx_word' id='word_1_256' title='bbox 1255 3152 1629 3218; x_wconf 88' lang='lat' dir='ltr'><strong>consulibus</strong></span> <span class='ocrx_word' id='word_1_257' title='bbox 1660 3153 1952 3217; x_wconf 86' lang='lat' dir='ltr'><strong>creandis</strong></span> <span class='ocrx_word' id='word_1_258' title='bbox 1981 3153 2165 3236; x_wconf 92' lang='lat' dir='ltr'><strong>belli,</strong></span> <span class='ocrx_word' id='word_1_259' title='bbox 2201 3153 2373 3238; x_wconf 91' lang='lat' dir='ltr'><strong>quod</strong></span> 
     </span>
    </p>

    <p class='ocr_par' dir='ltr' id='par_1_14' title="bbox 283 3240 2374 3589">
     <span class='ocr_line' id='line_1_35' title="bbox 283 3240 2371 3324; baseline 0.001 -22"><span class='ocrx_word' id='word_1_260' title='bbox 283 3254 315 3302; x_wconf 77' lang='lat'>8</span> <span class='ocrx_word' id='word_1_261' title='bbox 356 3244 424 3307; x_wconf 91' lang='lat' dir='ltr'><strong>in</strong></span> <span class='ocrx_word' id='word_1_262' title='bbox 466 3240 662 3306; x_wconf 87' lang='lat' dir='ltr'><strong>Italia</strong></span> <span class='ocrx_word' id='word_1_263' title='bbox 707 3241 816 3324; x_wconf 92' lang='lat' dir='ltr'><strong>sit,</strong></span> <span class='ocrx_word' id='word_1_264' title='bbox 871 3244 1361 3324; x_wconf 87' lang='lat' dir='ltr'><strong>temporumque</strong></span> <span class='ocrx_word' id='word_1_265' title='bbox 1415 3240 1510 3305; x_wconf 86' lang='lat' dir='ltr'><strong>rei</strong></span> <span class='ocrx_word' id='word_1_266' title='bbox 1566 3241 1879 3324; x_wconf 86' lang='lat' dir='ltr'><strong>publicae.</strong></span> <span class='ocrx_word' id='word_1_267' title='bbox 1969 3241 2228 3306; x_wconf 84' lang='lat' dir='ltr'><strong>vixdum</strong></span> <span class='ocrx_word' id='word_1_268' title='bbox 2274 3262 2371 3304; x_wconf 89' lang='lat' dir='ltr'><strong>re-</strong></span> 
     </span>
     <span class='ocr_line' id='line_1_36' title="bbox 357 3329 2371 3413; baseline -0.001 -18"><span class='ocrx_word' id='word_1_269' title='bbox 357 3330 610 3413; x_wconf 88' lang='lat' dir='ltr'><strong>quiesse</strong></span> <span class='ocrx_word' id='word_1_270' title='bbox 650 3329 823 3394; x_wconf 88' lang='lat' dir='ltr'><strong>auris</strong></span> <span class='ocrx_word' id='word_1_271' title='bbox 863 3351 903 3393; x_wconf 89' lang='lat' dir='ltr'><strong>a</strong></span> <span class='ocrx_word' id='word_1_272' title='bbox 939 3329 1216 3411; x_wconf 89' lang='lat' dir='ltr'><strong>strepitu</strong></span> <span class='ocrx_word' id='word_1_273' title='bbox 1254 3333 1320 3394; x_wconf 90' lang='lat' dir='ltr'><strong>et</strong></span> <span class='ocrx_word' id='word_1_274' title='bbox 1358 3329 1639 3394; x_wconf 88' lang='lat' dir='ltr'><strong>tumultu</strong></span> <span class='ocrx_word' id='word_1_275' title='bbox 1674 3329 1929 3412; x_wconf 87' lang='lat' dir='ltr'><strong>hostili,</strong></span> <span class='ocrx_word' id='word_1_276' title='bbox 1966 3351 2092 3412; x_wconf 94' lang='lat' dir='ltr'><strong>quo</strong></span> <span class='ocrx_word' id='word_1_277' title='bbox 2127 3347 2371 3411; x_wconf 88' lang='lat' dir='ltr'><strong>paucos</strong></span> 
     </span>
     <span class='ocr_line' id='line_1_37' title="bbox 357 3416 2373 3501; baseline 0 -23"><span class='ocrx_word' id='word_1_278' title='bbox 357 3420 508 3480; x_wconf 87' lang='lat' dir='ltr'><strong>ante</strong></span> <span class='ocrx_word' id='word_1_279' title='bbox 553 3438 806 3482; x_wconf 90' lang='lat' dir='ltr'><strong>menses</strong></span> <span class='ocrx_word' id='word_1_280' title='bbox 851 3416 1210 3481; x_wconf 86' lang='lat' dir='ltr'><strong>invaserint</strong></span> <span class='ocrx_word' id='word_1_281' title='bbox 1264 3439 1467 3501; x_wconf 89' lang='lat' dir='ltr'><strong>prope</strong></span> <span class='ocrx_word' id='word_1_282' title='bbox 1521 3417 1780 3483; x_wconf 90' lang='lat' dir='ltr'><strong>moenia</strong></span> <span class='ocrx_word' id='word_1_283' title='bbox 1822 3416 2131 3481; x_wconf 86' lang='lat' dir='ltr'><strong>Romana.</strong></span> <span class='ocrx_word' id='word_1_284' title='bbox 2220 3420 2373 3498; x_wconf 87' lang='lat' dir='ltr'><strong>post</strong></span> 
     </span>
     <span class='ocr_line' id='line_1_38' title="bbox 357 3503 2374 3589; baseline 0.002 -26"><span class='ocrx_word' id='word_1_285' title='bbox 357 3504 514 3565; x_wconf 87' lang='lat' dir='ltr'><strong>haec</strong></span> <span class='ocrx_word' id='word_1_286' title='bbox 544 3524 690 3566; x_wconf 92' lang='lat' dir='ltr'><strong>cum</strong></span> <span class='ocrx_word' id='word_1_287' title='bbox 710 3504 998 3568; x_wconf 88' lang='lat' dir='ltr'><strong>centuria.</strong></span> <span class='ocrx_word' id='word_1_288' title='bbox 1026 3503 1326 3589; x_wconf 84' lang='lat' dir='ltr'><strong>frequens</strong></span> <span class='ocrx_word' id='word_1_289' title='bbox 1349 3506 1807 3570; x_wconf 87' lang='lat' dir='ltr'><strong>succlamasset</strong></span> <span class='ocrx_word' id='word_1_290' title='bbox 1833 3504 1998 3568; x_wconf 91' lang='lat' dir='ltr'><strong>nihil</strong></span> <span class='ocrx_word' id='word_1_291' title='bbox 2028 3524 2099 3567; x_wconf 91' lang='lat' dir='ltr'><strong>se</strong></span> <span class='ocrx_word' id='word_1_292' title='bbox 2120 3506 2374 3568; x_wconf 88' lang='lat' dir='ltr'><strong>mutare</strong></span> 
     </span>
    </p>
   </div>
  </div>
 </body>
</html>
