2654 3913
429 197 557 261 108
782 194 998 249 LIBER
1031 194 1206 250 XXV.
1284 193 1437 251 CAR
1477 202 1565 252 40.
1647 196 1721 268 [a.
1759 198 1825 252 U.
1866 212 1913 251 c.
1952 199 2079 268 542]

316 406 321 410 ,
428 339 589 405 cello
654 340 902 423 templa
964 341 1231 424 propter
1295 339 1674 404 excellentia
1738 340 1871 404 eius
1937 341 2191 425 generis
2257 364 2441 408 orna-

356 440 392 488 4
428 431 663 511 menta,
709 449 982 513 quorum
1027 425 1381 513 perexigua
1423 449 1577 512 pars
1626 431 1973 512 OQ
2052 428 2441 514 Legationes

429 516 716 582 omnium
778 516 979 580 ferme
1035 516 1398 604 civitatium
1455 512 1708 581 Siciliae
1766 516 1848 580 ad
1904 537 2051 581 eum
2105 520 2441 584 convenie-

426 605 606 669 bant.
694 604 916 689 dispar
958 608 1035 669 ut
1079 625 1273 668 causa
1317 624 1557 687 earum,
1600 603 1696 668 ita
1742 604 2033 670 condicio
2083 610 2240 670 erat.
2332 608 2444 691 qui
2497 680 2513 692 ‚

429 696 579 757 ante
635 698 858 777 captas
915 690 1268 775 Syracusas
1325 695 1440 757 aut
1494 712 1629 756 non
1672 692 2076 758 desciverant
2121 697 2234 758 aut
2278 695 2444 758 redi-

428 783 614 845 erant
664 781 734 843 in
790 780 1172 866 amicitiam,
1226 783 1300 844 ut
1357 779 1519 844 socii
1572 780 1791 846 fideles
1840 780 2086 865 accepti
2130 782 2414 865 cultique
2425 806 2454 867 ς,

428 888 585 951 quos
634 870 842 931 metus
890 870 1043 949 post
1088 870 1314 951 captas
1364 865 1718 951 Syracusas
1764 868 2120 953 dediderat,
2164 872 2239 934 ut
2281 870 2444 935 victi

356 966 389 1014 5
429 976 468 1018 a
514 954 757 1019 victore
802 955 980 1038 leges
1028 958 1427 1039 acceperunt.
1499 960 1687 1020 erant
1731 960 1951 1021 tamen
1993 957 2168 1023 haud
2203 979 2444 1041 parvae

426 1041 739 1125 reliquiae
797 1042 955 1107 belli
1016 1042 1186 1106 circa
1239 1041 1694 1126 Agrigentum,
1725 1042 2064 1128 Romanis,
2123 1044 2443 1131 Epicydes

428 1133 495 1194 et
537 1128 774 1195 Hanno
831 1129 1022 1195 duces
1075 1129 1309 1214 reliqui
1363 1128 1603 1213 prioris
1647 1130 1807 1195 belli
1852 1134 1918 1195 et
1961 1132 2194 1197 tertius
2239 1156 2444 1200 novus

428 1220 510 1284 ab
574 1216 949 1283 Hannibale
1021 1218 1091 1283 in
1150 1218 1365 1283 locum
1428 1216 1849 1301 Hippocratis
1912 1218 2175 1304 missus,
2245 1220 2444 1307 Liby-

426 1307 814 1391 phoenicum
868 1306 1121 1391 generis
1175 1305 1688 1391 Hippacritanus
1739 1344 1813 1353 —
1864 1306 2193 1372 Muttinen
2244 1330 2444 1393 popu—

427 1395 595 1462 lares
669 1396 990 1462 vocabant
1064 1415 1168 1479 —-·,
1238 1395 1341 1460 vir
1411 1395 1668 1481 inpiger
1740 1399 1806 1460 et
1878 1396 1996 1461 sub
2070 1395 2462 1464 Hannibale

356 1497 389 1544 6
427 1485 749 1568 magistro
798 1483 1004 1550 omnis
1049 1484 1211 1549 belli
1256 1487 1429 1549 artes
1476 1484 1757 1549 edoctus.
1830 1483 1984 1550 huic
2030 1485 2111 1550 ab
2154 1484 2442 1571 Epicyde

429 1577 496 1638 et
540 1572 859 1639 Hannone
903 1572 1222 1638 Numidae
1271 1571 1408 1637 dati
1453 1572 1828 1656 auxiliares,
1874 1594 2020 1637 cum
2068 1573 2303 1656 quibus
2347 1573 2444 1638 ita

425 1664 817 1744 pervagatus
856 1663 958 1723 est
990 1660 1283 1724 hostium
1322 1679 1536 1741 agros,
1571 1660 1668 1724 ita
1705 1659 1916 1725 socios
1954 1661 2036 1724 ad
2072 1660 2442 1727 retinendos

427 1748 499 1810 in
568 1747 694 1810 fide
767 1746 1017 1810 animos
1092 1766 1314 1809 eorum
1386 1744 1649 1809 ferendo
1721 1747 1793 1810 in
1856 1750 2150 1829 tempore
2213 1749 2442 1831 cuique

357 1846 389 1894 ‘1
429 1834 741 1898 auxilium
798 1831 985 1915 adiit,
1038 1835 1113 1896 ut
1164 1833 1350 1897 brevi
1394 1836 1684 1915 tempore
1730 1836 1940 1898 totam
1988 1832 2277 1899 Siciliam
2323 1836 2441 1899 im-

400 1922 631 2009 pleret
673 1920 954 1988 nominis
1000 1921 1118 2006 sui,
1161 1942 1278 1986 nec
1324 1942 1473 2007 spes
1519 1920 1651 1987 alia
1695 1920 1903 1986 maior
1951 1921 2121 2006 apud
2160 1922 2442 1989 faventis

355 2023 390 2073 8
427 2012 620 2077 rebus
678 2008 1318 2094 Carthaginiensium
1382 2014 1571 2076 esset.
1660 2010 1880 2095 itaque
1943 2011 2177 2077 inclusi
2241 2011 2323 2076 ad
2376 2014 2447 2078 id
2492 2011 2498 2016 ’

425 2104 682 2186 tempus
729 2100 1066 2165 moenibus
1111 2098 1464 2184 Agrigenti
1510 2099 1637 2166 dux
1680 2099 1935 2166 Poenus
1972 2097 2443 2184 Syracusanus-

337 2245 340 2249 .
429 2211 552 2272 que
611 2210 743 2262 non
802 2187 1070 2254 consilio
1129 2186 1431 2253 Muttinis
1492 2210 1683 2271 quam
1740 2186 1974 2253 fiducia
2032 2189 2242 2273 magis
2301 2188 2444 2254 ausi

290 2270 299 2279 “
429 2276 649 2358 egredi
711 2277 894 2339 extra
956 2295 1173 2339 muros
1241 2275 1322 2339 ad
1376 2274 1710 2339 Himeram
1778 2296 2031 2338 amnem
2083 2280 2446 2358 posuerunt

357 2373 388 2421 9
429 2364 659 2426 castra.
750 2361 921 2444 quod
983 2361 1098 2425 ubi
1160 2361 1484 2443 perlatum
1548 2362 1627 2425 ad
1689 2359 2072 2425 Marcellum
2138 2365 2263 2440 est,
2338 2385 2444 2428 ex-

427 2448 670 2531 templo
745 2447 989 2529 copias,
1036 2448 1241 2512 movit
1313 2450 1381 2512 et
1452 2447 1533 2513 ab
1606 2448 1798 2512 hoste
1877 2451 2179 2532 quattuor
2241 2449 2445 2515 ferme

427 2536 681 2601 milium
736 2535 1078 2600 intervallo
1136 2535 1452 2620 consedit,
1507 2535 1660 2621 quid
1714 2540 1986 2621 agerent
2038 2541 2446 2622 pararentve,

343 2637 411 2686 10
432 2627 903 2710 expectaturuS.
967 2623 1079 2689 sed
1123 2623 1377 2689 nullum
1422 2645 1630 2708 neque
1675 2624 1891 2689 locum
1935 2646 2144 2709 neque
2186 2629 2444 2710 tempus

431 2712 829 2779 cunctationi
909 2711 1256 2777 consiliove
1330 2711 1506 2777 dedit
1576 2711 1919 2797 Muttines,
2001 2716 2444 2796 transgressus

431 2823 688 2867 amnem
746 2822 821 2866 ac
885 2800 1275 2865 stationibus
1335 2799 1623 2866 hostium
1683 2822 1829 2865 cum
1887 2801 2139 2884 ingenti
2196 2804 2447 2866 terrore
2552 2817 2555 2820 ’

344 2901 407 2948 11
430 2911 506 2955 ac
550 2890 835 2956 tumultu
870 2887 1181 2953 invectuS.
1272 2891 1534 2971 postero
1581 2887 1683 2952 die
1727 2909 1931 2971 prope
1975 2888 2150 2953 iusto
2195 2889 2446 2973 proelio

430 2978 745 3060 compulit
818 2975 1030 3040 hestis
1110 2976 1284 3040 intra
1360 2976 1773 3041 munimenta.
1880 2973 2029 3041 inde
2106 2981 2445 3044 revocatus

428 3063 744 3129 seditione
798 3061 1226 3128 Numidarum
1283 3062 1356 3126 in
1415 3064 1645 3128 castris
1703 3063 1906 3148 facta,
1969 3085 2115 3130 cum
2173 3065 2449 3132 trecenti

426 3150 631 3218 ferme
703 3172 926 3228 eorum
991 3150 1376 3215 Heracleam
1437 3149 1729 3216 Minoam
1795 3154 2294 3236 concessissent,
2367 3152 2448 3216 ad

429 3238 823 3326 mitigandos
867 3238 1390 3323 revocandosque
1436 3259 1545 3303 eos
1592 3240 1920 3324 prefectus
1969 3262 2207 3325 magno
2254 3260 2450 3324 opere

430 3329 757 3395 monuisse
804 3328 993 3394 duces
1041 3327 1296 3411 dicitur,
1340 3348 1422 3391 ne
1468 3327 1734 3394 absente
1781 3350 1852 3394 se
1899 3350 2045 3394 cum
2088 3329 2277 3391 hoste
2313 3349 2451 3392 ma-

347 3427 411 3473 12
431 3438 552 3481 nus
610 3420 1036 3483 consererent.
1124 3416 1190 3481 id
1247 3415 1438 3481 ambo
1494 3436 1686 3501 aegre
1739 3416 1919 3501 passi
1964 3415 2180 3497 duces,
2235 3416 2452 3499 magis

431 3501 696 3587 Hanno,
752 3505 883 3568 iam
940 3509 1090 3569 ante
1147 3505 1374 3570 anxius
1432 3504 1642 3589 gloria
1695 3504 1860 3569 eius:
1923 3501 2272 3568 Muttinem
2327 3502 2454 3569 sibi
