2654 3913
347 215 471 281 168
634 213 851 269 LIBER
885 214 1083 270 XXVI.
1160 214 1310 270 CAP.
1351 221 1434 270 46.
1473 221 1559 272 47.
1637 217 1709 286 [a.
1747 215 1811 270 U.
1850 233 1896 272 c.
1935 217 2064 288 544]

343 381 475 424 non
503 359 703 424 animi
733 359 941 424 solum
969 360 1166 444 fuere,
1186 359 1297 424 sed
1326 359 1525 423 etiam
1545 359 1716 426 oculi
1736 382 2049 444 auresque
2065 380 2360 446 pugnan-

274 460 307 508 5
345 448 509 513 tium
566 448 1125 531 spectantiumque
1187 451 1254 512 et
1312 447 1794 514 adhortantium
1849 449 2233 534 pugnantis,
2287 456 2362 514 ut

344 557 534 601 nemo
573 540 724 600 ante
762 535 845 601 ab
878 540 1066 620 tergo
1098 535 1374 601 senserit
1410 540 1668 621 captam
1704 537 1957 620 urbem,
1995 559 2190 622 quam
2226 538 2361 603 tela

344 626 414 692 in
474 645 730 690 aversos
785 624 1151 690 inciderunt
1205 628 1272 688 et
1322 624 1648 709 utrimque
1704 624 2049 709 ancipitem
2101 625 2360 691 hostem

277 725 311 773 6
348 713 698 778 habebant.
774 716 928 778 tunc
973 712 1253 778 turbatis
1290 712 1739 779 defensoribus
1776 717 1953 778 metu
1998 718 2062 778 et
2104 716 2361 779 moenia

347 805 563 885 capta,
609 805 676 865 et
718 805 911 885 porta
955 801 1130 867 intus
1175 801 1464 884 forisque
1507 800 1757 885 pariter
1794 802 2067 886 refringi
2104 807 2360 889 coepta3

347 892 413 952 et
470 910 622 953 mox
676 889 999 954 caedendo
1054 888 1366 955 confectis
1421 909 1496 953 ac
1554 888 1907 971 distractiS,
1959 912 2040 954 ne
2094 892 2219 955 iter
2261 892 2359 956 in-

275 990 308 1038 ‘1
346 976 701 1060 pediretur,
753 977 1003 1042 foribus
1058 978 1294 1057 armati
1347 978 1663 1060 impetum
1717 978 2024 1044 fecerunt.
2120 1000 2362 1080 magna

345 1064 693 1129 multitudo
749 1068 816 1129 et
867 1086 1088 1130 muros
1142 1066 1664 1149 transcendebat,
1720 1066 1835 1131 sed
1888 1066 1934 1130 ii
1989 1067 2232 1150 passim
2280 1068 2359 1132 ad

348 1151 607 1216 caedem
648 1152 1116 1237 oppidanorum
1154 1154 1352 1239 versi3
1388 1153 1527 1237 illa,
1566 1174 1728 1237 quae
1762 1157 2020 1236 portam
2062 1155 2362 1240 ingressa

348 1243 514 1325 erat,
558 1240 734 1306 iusta
790 1242 960 1307 acies
1018 1263 1162 1308 cum
1209 1242 1505 1326 ducibuS,
1561 1262 1701 1306 cum
1758 1241 2090 1306 ordinibus
2145 1243 2361 1307 media

274 1334 309 1383 8
349 1330 504 1394 urbe
533 1351 735 1413 usque
766 1330 835 1394 in
870 1330 1085 1396 forum
1121 1331 1455 1414 processit.
1524 1329 1673 1395 inde
1701 1350 1844 1395 cum
1883 1330 2131 1396 duobus
2168 1332 2360 1397 itine-

345 1417 524 1483 ribus
583 1418 894 1503 fugientis
953 1419 1203 1483 videret
1258 1419 1497 1503 hostiS,
1564 1419 1726 1484 alios
1783 1418 1865 1483 ad
1917 1419 2238 1484 tumulum
2291 1420 2361 1485 in

347 1506 660 1571 orientem
698 1529 978 1589 versum,
1016 1506 1127 1591 qui
1161 1507 1506 1572 tenebatur
1543 1508 2042 1592 quingentorum
2079 1508 2362 1574 militum

344 1594 693 1679 praesidiO,
740 1595 904 1661 alios
950 1594 1019 1658 in
1064 1615 1303 1682 arcem,
1348 1596 1418 1659 in
1463 1616 1658 1677 quam
1704 1599 1770 1659 et
1805 1595 1945 1680 ipse
1981 1594 2177 1681 Mago
2216 1618 2361 1661 cum

348 1683 644 1747 omnibus
707 1682 842 1747 fere
906 1684 1200 1766 armatis,
1264 1682 1376 1766 qui
1440 1683 1640 1746 muris
1705 1684 1874 1766 pulsi
1927 1683 2212 1768 fuerant,
2266 1706 2362 1749 re—

345 1769 630 1853 fugerat,
682 1772 916 1852 partim
974 1771 1306 1853 copiarum
1362 1769 1441 1833 ad
1496 1770 1819 1834 tumulum
1866 1772 2361 1855 expugnandum

274 1865 308 1912 9
347 1856 576 1939 mittit,
621 1858 861 1941 partim
903 1858 1043 1942 ipse
1082 1857 1163 1921 ad
1203 1878 1415 1921 arcem
1450 1856 1644 1922 ducit.
1718 1860 1787 1922 et
1822 1858 2112 1924 tumulus
2149 1860 2358 1942 primo

345 1946 598 2030 impetu
639 1949 740 2011 est
775 1948 1028 2032 captuS,
1073 1949 1140 2012 et
1173 1944 1391 2032 Mago,
1447 1967 1657 2011 arcem
1697 1949 1969 2012 conatus
2006 1946 2362 2030 defendere,

347 2056 491 2099 cum
537 2037 758 2100 omnia
800 2034 1090 2101 hostium
1134 2036 1332 2122 plena
1375 2034 1626 2100 videret
1678 2056 1885 2120 neque
1932 2058 2112 2120 spem
2157 2037 2363 2101 ullam

245 2131 309 2179 10
348 2145 513 2207 esse,
551 2146 620 2190 se
655 2145 994 2209 arcemque
1031 2128 1098 2188 et
1133 2124 1531 2208 praesidium
1568 2124 1826 2190 dedidit.
1899 2124 2111 2209 quoad
2147 2125 2365 2190 dedita

347 2233 461 2276 arx
499 2214 622 2296 est,
659 2213 884 2278 caedes
920 2215 1062 2278 tota
1097 2213 1256 2278 urbe
1291 2212 1539 2294 passim
1576 2212 1813 2296 factae,
1856 2234 1976 2277 nec
2012 2213 2133 2276 ulli
2166 2213 2363 2296 pube·

344 2320 515 2381 rum,
562 2300 673 2380 qui
712 2299 940 2364 obvius
985 2300 1134 2381 fuit,
1170 2300 1586 2382 parcebatur3
1632 2304 1771 2364 tum
1807 2300 1996 2382 signo
2035 2299 2186 2364 dato
2223 2322 2363 2365 cae·

346 2385 532 2449 dibus
592 2386 737 2449 finis
795 2385 1039 2468 factus;
1099 2385 1181 2449 ad
1237 2386 1544 2468 praedam
1602 2387 1879 2451 victores
1939 2387 2136 2471 versi,
2197 2410 2365 2472 quae

342 2474 576 2556 ingens
623 2473 831 2537 omnis
879 2472 1133 2559 generis
1177 2473 1321 2537 fuit.

277 2569 305 2617 1
520 2559 783 2627 XLVII.
825 2561 1207 2627 Liberorum
1253 2561 1541 2645 capitum
1577 2561 1767 2626 virile
1804 2584 1985 2628 secus
2025 2563 2107 2628 ad
2146 2565 2363 2630 decem

346 2651 528 2715 milia
571 2652 779 2735 capta.
856 2649 1032 2735 inde,
1077 2651 1185 2735 qui
1231 2651 1404 2716 cives
1441 2648 1668 2716 Novae
1705 2650 2122 2738 Carthaginis
2162 2659 2365 2738 erant,

347 2739 622 2823 dimisit,
650 2739 999 2823 urbemque
1029 2742 1096 2805 et
1123 2761 1241 2804 sua
1267 2739 1511 2822 omnia,
1537 2761 1699 2825 quae
1725 2741 1974 2824 reliqua
2003 2742 2093 2805 eis
2123 2742 2365 2807 bellum

274 2835 309 2883 2
348 2827 616 2909 fecerat,
641 2828 947 2894 restituit.
1022 2827 1281 2911 opifices
1312 2828 1393 2892 ad
1423 2828 1546 2892 duo
1581 2828 1764 2893 milia
1788 2828 2127 2894 hominum
2157 2832 2365 2896 erant:

350 2937 459 2981 eos
485 2915 781 3000 publicos
808 2916 948 2981 fore
973 2917 1202 2999 populi
1230 2915 1513 2981 Romani
1549 2916 1749 2981 edixit
1786 2938 1930 2981 cum
1961 2939 2075 3001 spe
2102 2918 2366 3003 propin-

349 3024 474 3086 qua
535 3003 886 3087 libertatis,
950 3005 1007 3069 si
1072 3004 1152 3068 ad
1215 3004 1579 3068 ministeria
1639 3003 1796 3069 belli
1854 3004 2037 3070 enixe
2102 3028 2365 3090 operam

277 3101 310 3150 3
347 3094 710 3157 navassent.
791 3096 1075 3157 ceteram
1126 3091 1611 3156 multitudinem
1658 3092 2016 3158 incolarum
2061 3095 2367 3160 iuvenum

350 3201 424 3246 ac
469 3178 829 3244 validorum
876 3200 1205 3245 servorum
1258 3180 1327 3244 in
1383 3180 1657 3244 classem
1713 3180 1793 3245 ad
1847 3182 2368 3265 supplementum

347 3268 665 3353 remigum
708 3267 912 3351 dedit3
960 3272 1025 3332 et
1067 3272 1336 3333 auxerat
1374 3268 1647 3334 navibus
1695 3272 1839 3334 octo
1889 3272 2162 3353 captivis
2209 3272 2368 3336 elas·

278 3366 313 3412 4
351 3377 504 3420 sem.
607 3359 791 3421 extra
842 3357 1014 3421 hanc
1066 3355 1553 3421 multitudinem
1609 3356 2052 3441 Hispanorum
2110 3358 2368 3423 obsides

349 3446 557 3523 erant,
616 3465 915 3527 quorum,
968 3443 1234 3528 perinde
1290 3465 1367 3508 ac
1424 3445 1480 3509 si
1527 3445 1845 3510 sociorum
1897 3446 2087 3510 liberi
2133 3451 2369 3529 essent,

281 3537 310 3584 5
350 3546 501 3589 cura
547 3529 791 3595 habita.
884 3535 1111 3615 captus
1170 3535 1235 3595 et
1282 3537 1633 3615 apparatus
1678 3532 1907 3618 ingens
1960 3532 2140 3598 belli:
2198 3536 2369 3598 cata-
