2654 3913
608 211 826 266 LIBER
860 212 1282 269 XXV1.CAP
1324 221 1407 270 50.
1449 222 1531 269 51.
1611 215 1682 285 [a.
1723 214 1780 269 O.
1820 217 1950 286 210]
2170 217 2295 280 173

275 374 395 437 pro
434 375 548 419 suo
590 357 804 421 animo
836 362 1032 441 atque
1060 358 1235 421 illius
1266 378 1422 443 erga
1460 379 1527 423 se
1564 358 1795 424 merito
1836 362 2032 444 esset,
2069 381 2295 442 paren-

274 446 374 506 tes
429 443 576 507 inde
633 446 1017 529 cognatique
1072 446 1345 547 virginis
1404 447 1741 531 appellati3
1799 448 1935 531 qui,
1991 447 2295 531 quoniam
2338 460 2402 508 10

277 531 482 614 gratis
549 532 676 596 sibi
739 532 1108 598 redderetur
1170 535 1389 618 virg0,
1456 535 1535 599 ad
1602 556 1794 618 quam
1857 535 2297 599 redimendam

278 618 438 682 satis
494 640 835 703 magnum
859 622 1234 686 attulissent
1290 623 1431 687 auri
1485 623 1768 706 ponduS,
1824 643 2007 688 orare
2056 622 2294 706 Scipio·
2339 636 2400 683 11

277 728 453 790 119111,
507 711 581 771 ut
634 708 700 771 id
757 708 836 772 ab
894 730 962 773 se
1009 709 1245 774 donum
1303 711 1654 795 acciperet,
1708 715 2082 795 coeperunt,
2126 712 2298 776 haud

278 794 596 859 minorem
651 796 787 860 eius
843 797 941 862 rei
997 798 1166 879 apud
1221 819 1290 862 se
1352 799 1631 880 gratiam
1675 799 1962 864 futuram
2010 820 2148 865 esse
2196 800 2299 864 ad-

277 882 608 948 firmantes
649 905 842 967 quam
878 885 1166 950 redditae
1203 886 1558 951 inviolatae
1594 887 1766 952 foret
1801 887 2092 972 virginis.
2166 884 2404 951 Sci-12

278 970 415 1053 pio,
453 972 706 1073 quando
743 975 929 1038 tanto
969 994 1160 1056 opere
1195 977 1517 1058 peterent,
1556 979 1970 1059 accepturum
2009 997 2075 1040 se
2112 976 2300 1058 polli-

280 1059 446 1123 citus
491 1060 647 1143 poni
695 1065 843 1125 ante
898 1061 1092 1144 pedes
1138 1062 1331 1126 iussit
1384 1067 1739 1147 vocatoque
1798 1064 1878 1129 ad
1926 1086 1995 1128 se
2040 1063 2298 1128 Allucio

282 1146 530 1230 “super
578 1148 851 1213 dotem''
889 1149 1184 1233 inquit,
1190 1149 1419 1233 quam
1456 1155 1834 1267 accepturus
1874 1175 1912 1217 a
1952 1172 2173 1217 socero
2213 1174 2301 1236 es,

280 1235 440 1299 haec
476 1236 600 1300 tibi
628 1260 666 1301 a
695 1258 797 1300 me
827 1237 1072 1302 dotalia
1099 1239 1268 1303 dona
1297 1238 1655 1304 accedent''
1686 1261 2039 1323 aurumque
2068 1241 2299 1304 tollere

283 1345 358 1388 ac
403 1323 528 1388 sibi
573 1324 814 1389 habere
860 1326 1068 1390 iussit.
1158 1326 1261 1391 his
1316 1328 1525 1392 laetus
1586 1327 1768 1392 donis
1816 1327 2299 1411 honoribusque
2342 1340 2407 1387 13

283 1411 583 1478 dimissus
634 1412 895 1477 domum
946 1414 1247 1497 implevit
1300 1416 1636 1498 popularis
1693 1416 1992 1480 laudibus
2048 1416 2299 1480 meritis

284 1499 632 1583 Scipionis:
678 1502 929 1566 venisse
975 1502 1073 1567 dis
1120 1503 1527 1568 simillimum
1564 1505 1887 1586 iuvenem,
1933 1504 2298 1568 vincentem

284 1589 505 1653 omnia
550 1610 695 1653 cum
740 1591 937 1653 armis
984 1593 1124 1655 tum
1168 1591 1571 1674 benignitate
1619 1613 1695 1657 ac
1740 1592 2089 1657 beneficiis·
2179 1592 2300 1656 ita·
2343 1605 2408 1652 14

284 1698 406 1760 que
467 1677 702 1742 dilectu
763 1678 1097 1743 clientium
1155 1678 1386 1744 habito
1452 1700 1595 1744 cum
1662 1679 1927 1745 delectis
1992 1680 2174 1744 mille
2240 1682 2305 1744 et

286 1764 775 1850 quadringentls
830 1766 1154 1850 equitibus
1211 1768 1385 1831 intra
1439 1788 1679 1850 paucos
1737 1768 1873 1833 dies
1932 1768 2011 1833 ad
2059 1766 2301 1851 Scipio·

284 1874 433 1917 nem
478 1855 762 1918 revertit.

462 1940 566 2006 LI.
613 1940 829 2025 Scipio
858 1945 1182 2008 retentum
1216 1966 1432 2010 secum
1459 1943 1781 2028 Laelium,
1820 1944 1973 2010 dum
2014 1945 2301 2028 captivos
2344 1955 2371 2005 1

286 2029 666 2113 obsidesque
733 2032 799 2094 et
859 2032 1167 2114 praedam
1233 2054 1309 2096 ex
1373 2032 1645 2097 consilio
1712 2034 1848 2097 eius
1914 2033 2303 2117 disponeret,

287 2119 447 2182 satis
486 2119 785 2183 omnibus
824 2120 1230 2203 compositis,
1278 2121 1431 2186 data
1484 2120 1923 2204 quinqueremi
1959 2142 1991 2186 9
2026 2121 2300 2203 captivis
2342 2133 2373 2181 2

284 2211 474 2290 atque
503 2205 777 2291 Magone
816 2211 883 2272 et
920 2208 1284 2292 quindecim
1320 2207 1455 2273 fere
1485 2209 1893 2273 senatoribus
1902 2258 1921 2292 ,
1959 2210 2070 2292 qui
2108 2209 2302 2273 simul

287 2317 434 2359 cum
480 2315 555 2358 eo
604 2294 777 2377 capti
822 2299 1032 2379 erant,
1085 2297 1154 2360 in
1207 2319 1439 2361 navem
1485 2296 1785 2380 inpositis
1831 2297 2129 2362 nuntium
2173 2297 2304 2361 vic-

284 2382 492 2447 toriae
527 2382 798 2447 Romam
834 2384 1059 2448 mittit.
1130 2386 1269 2468 ipse
1306 2406 1548 2468 paucos
1586 2385 1747 2467 dies,
1784 2385 2016 2468 quibus
2063 2386 2300 2449 morari
2342 2397 2374 2444 3

295 2468 684 2574 Carthagine
723 2474 1069 2555 statuerat,
1098 2472 1464 2537 exercendis
1495 2473 1838 2537 navalibus
1867 2473 2301 2556 pedestribus·

288 2579 411 2643 que
467 2560 668 2643 copiis
727 2559 1106 2643 absumpsit.
1203 2560 1415 2644 primo
1472 2560 1575 2626 die
1628 2560 1916 2645 legiones
1982 2562 2052 2625 in
2106 2561 2301 2626 armis
2340 2572 2374 2619 4

288 2650 596 2732 quattuor
632 2648 884 2712 milium
923 2648 1134 2732 spatio
1173 2648 1618 2732 decurrerunt3
1666 2648 1944 2714 secundo
1985 2648 2087 2712 die
2124 2669 2304 2712 arma

287 2757 512 2801 curare
560 2739 624 2800 et
668 2739 923 2818 tergere
969 2739 1119 2800 ante
1165 2738 1448 2800 tentoria
1491 2736 1681 2821 iussi3
1736 2737 1932 2801 tertio
1992 2724 2093 2800 die
2137 2736 2304 2800 rudi-

286 2825 406 2889 bus
469 2825 641 2888 inter
704 2844 771 2888 se
830 2825 899 2887 in
952 2824 1213 2889 modum
1269 2825 1480 2889 iustae
1535 2844 1792 2908 pugnae
1848 2829 2305 2889 concurrerunt

286 2912 790 2997 praepilatisque
818 2912 1176 2978 missilibus
1213 2913 1480 2978 iaculati
1508 2917 1684 2997 sunt3
1724 2914 1954 2995 quarto
1996 2911 2096 2976 die
2126 2911 2303 2995 quies
2373 2986 2376 2989 ,

287 3001 465 3084 data3
512 3001 738 3084 quinto
785 3001 1021 3065 iterum
1067 3002 1138 3065 in
1184 3002 1378 3066 armis
1424 3001 1762 3065 decursum
1799 3003 1915 3064 est.
1987 2999 2158 3064 hunc
2204 3021 2300 3063 or·
2340 3009 2373 3057 5

288 3089 502 3155 dinem
571 3089 817 3154 laboris
878 3089 1265 3172 quietisque,
1334 3088 1545 3172 quoad
1605 3086 2005 3171 Carthagine
2068 3089 2303 3151 morati

288 3183 457 3263 sunt,
485 3182 839 3243 servarunt.
891 3177 1236 3260 remigium
1264 3177 1647 3260 classicique
1676 3177 1919 3241 milites
1948 3175 2301 3259 tranquillo
2342 3187 2375 3233 6

286 3268 356 3331 111
403 3229 610 3332 altum
658 3267 865 3332 evecti
911 3266 1275 3350 agilitatem
1331 3265 1596 3330 navium
1643 3264 2009 3329 simulacris
2056 3262 2304 3327 navalis

285 3376 542 3442 pugnae
589 3354 1096 3437 experiebantur.
1187 3353 1349 3418 haec
1394 3360 1577 3418 extra
1620 3352 1847 3416 urbem
1893 3357 2068 3415 terra
2113 3351 2303 3414 mari·
2344 3362 2375 3408 ’τ

287 3465 409 3545 que
447 3463 718 3525 corpora
747 3442 941 3506 simul
976 3442 1349 3525 animosque
1388 3442 1468 3506 ad
1496 3440 1740 3505 bellum
1771 3439 2112 3522 acuebant3
2149 3438 2303 3503 urbs

286 3533 427 3615 ipsa
475 3530 805 3614 strepebat
850 3533 1165 3614 apparatu
1209 3530 1368 3594 belli
1413 3528 1618 3594 fabris
1658 3528 1950 3594 omnium
1998 3547 2306 3614 generum
