2654 3913
652 204 867 259 LIBER
903 204 1094 258 XXIV.
1172 203 1323 258 CAP.
1362 210 1446 261 29.
1486 210 1569 258 30.
1647 205 1720 275 [a.
1761 205 1817 261 C.
1856 206 1986 277 214]
2240 205 2326 269 33

310 349 571 433 regibus
600 348 900 431 fuissent,
937 350 1004 412 et
1041 370 1195 413 suae
1234 348 1505 413 dicionis
1546 351 1786 432 essent,
1824 370 1941 413 nec
1978 349 2109 412 iam
2138 348 2328 413 liber·

313 440 447 500 tate
495 458 604 502 eos
653 439 993 502 contentos
1042 458 1209 521 esse,
1253 437 1384 500 nisi
1433 436 1628 500 etiam
1684 439 1957 519 regnent
2002 457 2075 500 ac
2122 436 2326 501 domi-

312 527 560 589 nentur.
649 525 1149 589 renuntiandum
1193 525 1395 608 igitur
1442 525 1534 589 eis
1586 545 1725 589 esse
1769 523 2124 589 Leontinos
2171 546 2327 607 quo·
2363 535 2398 584 8

308 634 433 696 que
480 634 754 696 aequom
801 634 1057 678 censere
1101 633 1165 679 se
1206 612 1448 677 liberos
1493 633 1660 696 esse,
1705 613 1810 677 vel
1858 612 2027 696 quod
2071 612 2140 676 in
2188 612 2326 676 solo

311 700 489 765 urbis
544 722 698 766 suae
762 704 1079 785 tyrannus
1135 701 1458 784 ceciderit,
1511 701 1614 765 vel
1678 699 1849 784 quod
1901 700 1994 764 ibi
2046 700 2328 783 primum

312 790 787 855 conclamatum
832 789 914 854 ad
960 789 1329 853 libertatem
1384 789 1756 871 relictisque
1814 788 2013 870 regiis
2059 788 2327 852 ducibus

310 875 666 960 Syracusas
713 898 1091 942 concursum
1127 878 1226 943 sit.
1297 877 1517 960 itaque
1556 881 1669 940 aut
1706 875 2110 941 eximendum
2145 876 2213 940 id
2250 875 2327 939 de
2366 884 2400 933 9

311 965 567 1030 foedere
605 986 772 1047 esse,
818 968 930 1030 aut
964 967 1173 1051 legem
1212 987 1354 1029 eam
1390 965 1668 1030 foederis
1705 985 1838 1028 non
1875 964 2327 1047 accipiendam.

312 1053 504 1118 facile
532 1053 932 1118 multitudini
958 1075 1364 1139 persuasum3
1392 1052 1750 1137 legatisque
1780 1049 2326 1136 Syracusanorum
2369 1062 2435 1109 10

316 1144 383 1205 et
430 1140 506 1205 de
553 1141 744 1207 caede
791 1143 1091 1206 stationis
1136 1141 1470 1206 Romanae
1517 1141 1929 1224 querentibus
1978 1145 2044 1205 et
2081 1140 2327 1225 Hippo-

313 1232 558 1294 cratem
607 1234 797 1314 atque
836 1229 1168 1314 Epicyden
1213 1229 1391 1294 abire
1437 1250 1549 1293 seu
1585 1228 1826 1295 Locros
1874 1250 1987 1294 seu
2027 1251 2152 1313 quo
2199 1229 2328 1294 alio

315 1318 612 1402 mallent,
641 1318 984 1383 dummodo
1015 1316 1237 1383 Sicilia
1265 1318 1589 1399 cederent,
1622 1317 1991 1381 iubentibus
2028 1316 2330 1383 ferociter

313 1427 691 1489 responsum
748 1410 849 1471 est
899 1428 1105 1490 neque
1160 1405 1502 1470 mandasse
1562 1425 1701 1469 sese
1757 1403 2205 1488 Syracusanis,
2255 1409 2331 1469 ut
2370 1415 2429 1463 11

316 1515 539 1576 pacem
602 1516 720 1577 pro
786 1515 854 1559 se
918 1516 1060 1559 cum
1115 1493 1428 1558 Romanis
1483 1493 1795 1576 facerent,
1857 1513 2063 1576 neque
2124 1493 2329 1556 teneri

318 1581 548 1646 alienis
594 1581 978 1647 foederibus.
1066 1582 1227 1646 haec
1287 1581 1370 1646 ad
1422 1581 1749 1646 Romanos
1796 1577 2183 1664 Syracusani
2229 1579 2329 1645 de·
2371 1591 2436 1637 12

315 1670 602 1734 tulerunt
657 1670 1010 1735 abnuentes
1064 1668 1420 1735 Leontinos
1483 1670 1553 1733 in
1609 1690 1726 1733 sua
1779 1670 2103 1751 potestate
2164 1690 2331 1733 esse:

315 1760 532 1843 itaque
579 1758 836 1843 integro
883 1778 1096 1823 secum
1133 1757 1389 1822 foedere
1425 1757 1666 1822 bellum
1702 1755 2030 1822 Romanos
2068 1777 2213 1821 cum
2248 1757 2330 1821 iis

315 1850 643 1931 gesturos,
704 1868 914 1930 neque
980 1867 1119 1911 sese
1184 1846 1517 1911 defuturos
1584 1846 1643 1909 ei
1705 1845 1878 1910 bello
1941 1845 2066 1929 ita,
2128 1848 2203 1909 ut
2263 1845 2334 1910 in

314 1938 707 2020 potestatem
752 1934 995 2000 redacti
1050 1956 1204 2000 suae
1264 1956 1486 1999 rursus
1542 1933 1813 2000 dicionis
1870 1936 2112 2018 essent,
2168 1933 2333 2000 sicut

314 2047 441 2107 pax
487 2024 906 2088 convenisset.

493 2109 697 2175 XXX.
756 2110 1101 2175 Marcellus
1149 2132 1293 2176 cum
1341 2112 1519 2175 omni
1564 2110 1846 2174 exercitu
1890 2107 2216 2190 profectus
2264 2110 2333 2171 in
2372 2121 2399 2165 1

316 2199 697 2284 Leontinos,
754 2199 967 2283 Appio
1024 2220 1273 2283 quoque
1330 2199 1535 2264 accito
1545 2247 1563 2283 ,
1617 2201 1692 2262 ut
1747 2197 1954 2261 altera
1997 2199 2181 2278 parte
2228 2196 2331 2260 ad-

316 2287 715 2372 grederetur,
761 2290 947 2352 tanto
993 2288 1221 2353 ardore
1266 2286 1550 2351 militum
1589 2291 1689 2352 est
1723 2306 1877 2349 usus
1914 2284 1995 2349 ab
2034 2285 2132 2348 ira
2167 2283 2332 2349 inter

314 2376 722 2441 condiciones
768 2375 948 2460 pacis
1003 2375 1384 2440 interfectae
1441 2374 1766 2458 stationis,
1825 2375 1900 2438 ut
1951 2372 2161 2456 primo
2217 2373 2332 2437 im·

314 2467 470 2546 petu
504 2465 731 2529 urbem
769 2468 1229 2547 expugnarent.
1303 2462 1738 2547 Hippocrates
1777 2465 1968 2545 atque
1996 2460 2334 2545 EpicydeS,
2368 2470 2402 2518 2

315 2553 661 2635 postquam
691 2551 837 2634 capi
863 2573 1081 2616 muros
1109 2551 1503 2635 refringique
1531 2553 1757 2634 portas
1776 2550 2008 2630 videre,
2028 2550 2096 2612 in
2120 2571 2332 2614 arcem

316 2660 456 2704 sese
503 2660 649 2703 cum
695 2639 919 2722 paucis
964 2660 1282 2723 recepere3
1337 2640 1482 2703 inde
1529 2639 1696 2702 clam
1741 2640 1928 2702 nocte
1973 2635 2328 2699 Herbesum

315 2727 712 2813 perfugiunt.
758 2723 1177 2810 Syracusanis
1208 2730 1354 2793 octo
1382 2727 1636 2791 milium
1657 2725 2051 2789 armatorum
2072 2723 2331 2806 agmine
2370 2735 2403 2779 3

314 2816 620 2899 profectis
651 2816 842 2880 domo
873 2815 954 2879 ad
974 2814 1197 2899 Mylan
1224 2815 1462 2879 flumen
1488 2814 1756 2878 nuntius
1786 2810 2062 2876 occurrit
2079 2813 2332 2894 captam

315 2904 542 2976 urbem
589 2926 757 2989 esse,
811 2907 1028 2970 cetera
1082 2903 1249 2968 falsa
1303 2904 1509 2967 mixta
1552 2902 1722 2967 veris
1777 2901 2017 2964 ferens:
2073 2900 2332 2964 caedem
2369 2910 2404 2956 4

315 2993 747 3074 promiscuam
791 2993 1072 3057 militum
1135 2996 1329 3074 atque
1385 2991 1849 3075 oppidanorum
1903 2987 2170 3073 factam,
2215 3009 2333 3052 nec

315 3079 657 3164 quicquam
683 3081 1000 3165 puberum
1030 3079 1336 3144 arbitrari
1364 3101 1722 3163 superesse3
1752 3078 2071 3160 direptam
2090 3076 2332 3158 urbem,

316 3168 487 3232 bona
541 3168 958 3251 locupletium
1013 3167 1270 3233 donata.
1362 3167 1442 3232 ad
1500 3169 1796 3231 nuntium
1849 3170 1986 3230 tam
2048 3167 2330 3228 atrocem
2369 3174 2402 3219 5

315 3256 610 3321 constitit
657 3276 914 3341 agmen,
960 3254 1423 3339 concitatisque
1462 3256 1759 3319 omnibus
1799 3253 1989 3316 duces
2030 3286 2105 3296 -
2149 3250 2334 3311 erant

314 3349 532 3414 autem
579 3342 756 3411 Sosis
806 3366 881 3409 ac
926 3345 1319 3410 Dinomenes
1367 3378 1479 3425 —,
1534 3342 1686 3425 quid
1741 3340 2331 3434 agerentnconsul-

312 3434 560 3499 tabant.
637 3433 905 3499 terroris
954 3433 1231 3516 speciem
1276 3429 1453 3496 haud
1498 3450 1732 3493 vanam
1774 3424 2109 3490 mendac1o
2155 3444 2331 3505 prae·
2369 3435 2405 3481 6

313 3522 587 3587 buerant
630 3522 956 3587 verberati
996 3543 1070 3585 ac
1109 3520 1315 3586 securi
1351 3516 1640 3600 percussi
1676 3512 2051 3595 transfugae
2089 3511 2168 3576 ad
2206 3511 2330 3574 duo

417 3634 467 3674 vr.
494 3635 641 3675 mvr„
694 3634 784 3675 111.
1865 3619 1897 3667 3
