2654 3913
669 223 885 277 LIBER
920 223 1113 279 XXIV.
1190 223 1341 279 CAP.
1382 231 1466 280 22.
1541 228 1613 296 [a.
1655 224 1713 279 c.
1751 226 1881 297 214]
2204 226 2292 291 25

268 369 567 453 patribus
617 367 1059 453 Syracusanos
1108 391 1301 454 quam
1349 370 1526 453 ipsos
1573 369 1833 435 vidisse.
1898 392 2078 434 arma
2122 371 2287 456 quod
2330 381 2364 429 3

270 458 523 541 inpigre
585 459 896 541 ceperint,
951 456 1244 541 laudare,
1301 458 1511 542 magis
1565 458 2003 542 laudaturum,
2059 458 2116 522 si
2158 482 2289 525 non

271 551 536 611 utantur
583 547 712 610 nisi
769 546 1003 610 ultima
1057 547 1440 611 necessitate
1498 546 1723 611 coacti.
1812 547 2290 698 issafiffflssmja
2328 555 2363 605 4

273 634 523 719 legatos
564 634 644 699 ad
681 633 1180 699 Adranodorum
1217 635 1394 698 mitti
1431 635 1711 718 placere,
1755 656 1863 717 qui
1944 636 2294 719 enuntient,

270 726 345 786 ut
389 723 460 786 in
507 727 832 806 potestate
880 725 1139 787 senatus
1198 744 1271 788 ac
1317 722 1543 805 populi
1590 723 1700 805 sit,
1754 725 1979 804 portas
2034 722 2292 788 Insulae

232 848 237 855 -
273 811 550 895 aperiat,
578 811 795 875 tradat
823 810 1232 893 praesidium.
1281 811 1338 874 si
1368 810 1639 874 tutelam
1671 810 1864 874 alieni
1892 811 2078 894 regni
2106 833 2291 876 suum
2331 817 2364 867 ⁵

270 920 546 982 regnum
593 898 756 963 velit
799 898 1037 982 facere,
1089 898 1361 962 eundem
1409 920 1477 963 se
1525 919 1783 964 censere
1829 899 2034 963 multo
2082 900 2292 963 acrius

275 987 357 1051 ab
397 985 818 1051 Adranodoro
867 1008 1059 1070 quam
1104 988 1184 1051 ab
1204 985 1623 1088 Hieronymo
1660 987 1868 1070 repeti
1906 987 2294 1051 libertatem.

274 1074 357 1138 ab
398 1074 519 1138 hac
557 1075 855 1139 contione
891 1075 1093 1158 legati
1130 1074 1314 1139 missi
1352 1078 1523 1141 sunt.
1597 1079 1856 1139 senatus
1893 1075 2041 1139 inde
2068 1075 2113 1138 h
2201 1077 2294 1140 eri
2331 1082 2365 1132 6

273 1183 385 1227 coe
433 1165 536 1227 tus
663 1166 719 1247 t,
784 1163 955 1246 quod
1020 1162 1188 1227 sicut
1250 1167 1561 1253 regnante
1616 1163 1902 1228 Hierone
1965 1185 2264 1228 mansera

271 1184 1019 1333 pffionsilium,
1073 1251 1168 1315 ita
1222 1256 1374 1333 post
1427 1256 1703 1316 mortem
1760 1252 1896 1315 eius
1957 1255 2106 1318 ante
2154 1274 2296 1316 eam

274 1338 444 1403 diem
472 1339 656 1403 nulla
685 1339 763 1403 de
791 1361 859 1403 re
888 1360 1093 1422 neque
1124 1340 1456 1404 convocati
1483 1361 1691 1423 neque
1713 1339 1991 1404 consulti
2016 1340 2293 1405 fuerant.

272 1430 347 1490 ut
374 1431 640 1492 ventum
670 1427 749 1491 ad
779 1426 1273 1491 Adranodorum
1302 1428 1475 1509 est,
1457 1449 1668 1510 ipsum
1698 1427 1953 1511 quidem
1992 1429 2295 1492 movebat
2333 1442 2364 1490 7

276 1517 343 1578 et
373 1515 606 1578 civium
639 1536 987 1578 consensus
1018 1518 1084 1578 et
1111 1536 1255 1579 cum
1285 1515 1452 1579 aliae
1478 1519 1823 1598 occupatae
1851 1515 2030 1579 urbis
2058 1519 2295 1599 partes,

274 1605 413 1666 tum
459 1624 611 1686 pars
660 1601 917 1667 Insulae
977 1603 1077 1667 vel
1122 1603 1559 1667 munitissima
1603 1603 1860 1685 prodita
1905 1605 2096 1687 atque
2144 1604 2294 1668 alie-

272 1694 446 1754 nata.
538 1691 649 1755 sed
699 1695 1034 1756 evocatum
1083 1713 1229 1755 eum
1285 1692 1367 1755 ab
1428 1692 1658 1775 legatis
1706 1691 2063 1756 Damarata
2116 1713 2294 1772 uxor,
2332 1705 2367 1754 8

271 1779 409 1843 filia
454 1778 782 1863 Hieronis,
832 1780 1058 1844 inflata
1106 1779 1313 1844 adhuc
1359 1780 1557 1864 regiis
1606 1779 1836 1844 animis
1886 1801 1960 1845 ac
2000 1779 2296 1844 muliebri

274 1867 527 1952 spiritu,
557 1868 861 1933 admonet
888 1889 1080 1951 saepe
1110 1870 1461 1951 usurpatae
1490 1867 1767 1952 Dionysi
1802 1869 2063 1951 tyranni
2104 1869 2297 1952 vocis,

275 1978 402 2040 qua
447 1958 719 2039 pedibus
765 1960 1076 2040 tractum,
1120 1978 1253 2022 non
1290 1956 1687 2021 ‘insidentem
1726 1978 1888 2041 equo
1934 1956 2294 2041 relinquere
2333 1971 2367 2020 9

273 2044 682 2126 tyrannidem
730 2045 961 2110 dixerit
1007 2045 1253 2109 debere.
1336 2045 1526 2110 facile
1574 2066 1715 2110 esse
1763 2047 2121 2128 moment0,
2169 2067 2295 2128 quo

276 2131 421 2214 quis
469 2132 653 2214 velit,
699 2133 920 2196 cedere
957 2132 1362 2215 possessione
1401 2153 1672 2217 magnae
1710 2133 2036 2216 fortunae,
2081 2132 2291 2196 facere

275 2222 342 2282 et
385 2240 614 2301 parare
671 2240 811 2285 eam
872 2220 1133 2286 difficile
1191 2225 1380 2305 atque
1438 2222 1703 2286 arduum
1765 2242 1921 2286 esse.
2012 2221 2291 2303 spatium
2335 2233 2403 2282 1ο

275 2312 561 2373 sumeret
606 2308 688 2373 ad
743 2309 1234 2374 consultandum
1289 2310 1371 2374 ab
1426 2309 1687 2394 legatis3
1743 2330 1818 2374 eo
1872 2312 2161 2374 uteretur
2214 2309 2295 2374 ad

276 2396 694 2462 arcessendos
741 2419 819 2462 ex
865 2396 1202 2463 Leontinis
1249 2398 1516 2482 milites,
1573 2398 1805 2482 quibus
1855 2398 1911 2462 si
1956 2398 2294 2480 pecuniam

272 2485 521 2567 regiam
560 2486 889 2568 pollicitus
928 2489 1126 2569 esset,
1165 2486 1384 2550 omnia
1418 2486 1488 2550 in
1523 2489 1847 2570 potestate
1888 2486 2025 2551 eius
2059 2486 2294 2551 futura.

272 2571 434 2636 haec
471 2573 816 2637 muliebria
853 2574 1123 2638 consilia
1156 2572 1618 2639 Adranodorus
1656 2596 1863 2658 neque
1901 2577 2043 2638 tota
2081 2596 2295 2658 asper·
2337 2586 2400 2635 11

274 2662 466 2723 natus
524 2664 625 2724 est
677 2682 886 2744 neque
942 2663 1266 2744 extemplo
1324 2664 1600 2747 accepit,
1655 2664 1963 2727 tutiorem
2012 2662 2125 2725 ad
2141 2683 2295 2744 opes

275 2747 691 2813 adfectandas
738 2750 917 2812 ratus
969 2769 1107 2813 esse
1153 2750 1355 2834 viam,
1405 2752 1460 2815 si
1509 2752 1577 2815 in
1614 2751 1983 2834 praesentia
2020 2750 2294 2832 tempori

274 2836 593 2903 cessisset.
663 2836 884 2920 itaque
930 2836 1182 2920 legatos
1237 2801 1605 2904 renuntiare
1652 2839 1844 2902 iussit
1887 2837 2179 2902 futurum
2226 2860 2294 2903 se
2337 2851 2401 2900 12

273 2924 345 2987 in
382 2928 642 2990 senatus
681 2946 756 2990 ac
794 2926 1018 3009 populi
1055 2929 1401 3008 potestate.
1474 2932 1731 3012 postero
1773 2927 1870 2991 die
1908 2927 2048 2991 luce
2084 2927 2296 3010 prima

275 3011 620 3093 patefactis
677 3013 936 3078 Insulae
991 3015 1196 3098 portis
1253 3015 1321 3078 in
1378 3015 1592 3079 forum
1638 3015 2045 3081 Achradinae
2100 3017 2295 3082 venit.

274 3098 370 3163 ibi
414 3100 485 3162 in
532 3122 708 3165 aram
746 3098 1170 3185 Concordiae,
1217 3123 1293 3165 ex
1341 3125 1468 3186 qua
1512 3104 1715 3187 pridie
1751 3104 2114 3188 Polyaenus
2152 3126 2295 3170 con·
2337 3116 2404 3164 13

275 3187 566 3252 tionatus
627 3191 793 3271 erat,
856 3190 1141 3255 escendit
1197 3192 1685 3276 orationemque
1741 3214 1883 3256 eam
1940 3214 2123 3256 orsus
2181 3196 2296 3272 est,

275 3297 403 3359 qua
448 3275 733 3359 primum
772 3278 1201 3344 cunctationis
1242 3302 1396 3345 suae
1433 3281 1686 3345 veniam
1723 3279 1980 3362 petivit.
2018 3300 2085 3342 se
2125 3279 2295 3341 enim
2337 3289 2405 3338 14

275 3365 532 3429 clausas
589 3364 893 3430 habuisse
948 3371 1174 3451 portas
1228 3390 1360 3433 non
1417 3372 1825 3450 separantem
1887 3386 2034 3430 suas
2095 3386 2197 3430 res
2258 3388 2297 3430 a

271 3453 581 3538 publiciS,
629 3453 742 3518 sed
791 3454 1035 3519 strictis
1075 3456 1274 3519 semel
1311 3455 1547 3537 gladiis
1590 3456 1954 3536 timentem,
2000 3453 2109 3536 qui
2145 3454 2295 3519 finis

277 3542 577 3606 caedibus
611 3545 782 3616 esset
810 3542 1093 3626 futurus,
1121 3549 1365 3624 utrum,
1403 3542 1573 3625 quod
1604 3541 1763 3604 satis
1793 3540 2082 3605 libertati
2110 3541 2298 3627 foret,
