2654 3913
260 120 268 126 ⁶
321 154 452 221 102
607 156 828 211 HIBER
855 157 1035 210 xxv.
1114 158 1269 211 CAP.
1308 162 1393 211 36.
1433 162 1520 211 37.
1598 158 1672 227 [a.
1709 158 1774 213 U.
1814 174 1859 212 ο.
1899 159 2026 229 542]

318 303 745 383 occupaverat
781 304 847 365 et
885 299 1208 384 specimen
1242 299 1534 365 iustitiae
1569 301 2168 386 temperantiaeque
2204 302 2331 369 Ro-

318 409 549 453 manae
594 388 838 470 primus
887 388 1167 453 dederat.

249 486 277 535 1
337 552 350 560 ·
492 475 830 541 XXXVII.
893 474 1055 543 Cum
1088 476 1282 541 deleti
1314 477 1632 542 exercitus
1668 476 2068 562 amissaeque
2097 478 2329 563 Hispa-

247 575 280 623 2
317 565 462 629 niae
517 564 910 648 viderentur,
964 565 1063 628 vir
1106 586 1270 629 unus
1315 586 1419 630 res
1464 566 1766 648 perditas
1796 566 2097 632 restituit.
2191 574 2330 632 erat

317 653 388 717 in
432 654 716 719 exercitu
759 652 831 717 L.
867 652 1146 718 Marcius
1186 651 1460 737 Septimi
1506 654 1697 738 filius,
1744 674 1936 737 eques
1977 653 2329 738 RomanuS,

317 741 598 825 impiger
649 741 900 806 iuvenis
958 741 1283 825 animique
1341 744 1407 806 et
1461 741 1706 826 ingenii
1752 743 2085 827 aliquanto
2132 764 2326 826 quam

247 840 279 888 3
318 850 434 909 pro
482 826 760 910 fortuna,
803 829 873 892 in
919 851 1045 912 qua
1091 833 1230 894 erat
1272 832 1486 911 natus,
1532 830 1813 895 maioris.
1888 830 1969 895 ad
2011 852 2327 896 summam

318 914 598 978 indolem
655 920 1015 980 accesserat
1069 914 1181 981 Cn.
1228 914 1547 999 Scipionis
1604 917 1971 1004 disciplina,
2026 920 2146 984 sub
2203 941 2329 1003 qua

219 1005 283 1061 ·4
316 1005 579 1085 per-tot
622 1024 826 1067 annos
875 1002 1084 1068 omnis
1132 1002 1408 1068 militiae
1455 1004 1614 1069 artis
1662 1005 1924 1070 edoctus
1970 1005 2201 1072 fuerat.
2274 1008 2330 1074 is

319 1093 383 1154 et
439 1111 515 1155 ex
569 1089 729 1172 fuga
774 1090 1060 1155 collectis
1108 1090 1429 1155 militibus
1477 1095 1543 1156 et
1589 1092 1972 1175 quibusdam
2020 1093 2098 1157 de
2143 1117 2328 1177 prae·

322 1177 500 1242 sidiis
556 1178 844 1243 deductis
898 1177 1070 1243 haud
1118 1178 1649 1244 contemnendum
1697 1179 2045 1244 exercitum
2089 1181 2330 1248 fecerat

247 1278 280 1327 5
315 1266 735 1351 iunxeratque
780 1287 925 1331 cum
961 1266 1056 1331 Ti.
1091 1266 1382 1349 Fonteio,
1425 1265 1498 1330 P.
1537 1265 1855 1352 Scipionis
1901 1267 2143 1352 legato.
2216 1271 2329 1335 sed

315 1357 572 1421 tantum
643 1356 975 1440 praestitit
1046 1358 1238 1440 eques
1302 1353 1632 1421 Romanus
1706 1355 2096 1422 auctoritate
2158 1356 2328 1424 inter

317 1443 556 1509 milites
613 1446 806 1527 atque
858 1444 1133 1527 honore,
1187 1447 1262 1509 ut
1306 1443 1541 1509 castris
1588 1444 1753 1510 citra
1796 1443 2114 1509 Hiberum
2162 1459 2327 1512 com-

315 1532 611 1617 munitis,
682 1554 827 1597 cum
900 1532 1124 1597 ducem
1196 1531 1514 1595 exercitus
1588 1533 1869 1598 comitiis
1935 1533 2325 1600 militaribus

245 1632 278 1681 6
316 1622 523 1685 creari
585 1620 962 1703 placuisset,
1007 1620 1371 1685 ‚subeuntes
1438 1620 1553 1685 alii
1620 1620 1768 1685 aliis
1832 1621 1935 1701 in,
1967 1622 2327 1686 custodiam

314 1708 475 1772 valli
529 1707 995 1791 stationesque,
1059 1706 1261 1771 donec
1311 1728 1429 1789 per
1486 1709 1693 1772 omnis
1749 1708 2128 1791 suffragium
2184 1710 2325 1793 iret,

314 1795 395 1858 ad
455 1792 526 1858 L.
589 1792 914 1858 Marcium
979 1796 1191 1861 cuncti
1257 1817 1576 1860 summam
1638 1795 1894 1879 imperii
1957 1795 2324 1862 detulerint.

245 1895 276 1945 7
316 1904 501 1947 omne
555 1882 702 1946 inde
756 1886 1012 1969 tempus
1065 1918 1140 1931 -
1191 1883 1493 1968 exiguum
1546 1884 1613 1948 id
1659 1883 1786 1949 fuit
1837 1918 1910 1929 —
1963 1883 2323 1949 muniendis

314 1971 541 2038 castris
607 1971 1166 2057 convehendisque
1230 1973 1696 2038 commeatibus
1760 1973 2187 2056 consumpsit;
2261 1981 2327 2039 et

170 2135 177 2142 ,
315 2061 533 2126 omnia
598 2060 870 2146 imperia
936 2062 1176 2127 milites
1249 2083 1395 2127 cum
1453 2062 1734 2146 inpigre,
1796 2064 1937 2125 tum
1997 2061 2324 2146 haudqua-

244 2162 276 2211 8
315 2172 506 2233 quam
546 2151 797 2216 abiecto
837 2151 1054 2217 animo
1092 2151 1588 2234 exequebantur.
1662 2152 1943 2214 ceterum
1980 2153 2324 2232 postquam

313 2237 788 2302 Hasdrubalem
853 2237 1157 2322 Gisgonis
1220 2238 1586 2303 venientem
1651 2235 1732 2299 ad
1794 2236 2101 2318 reliquias
2165 2225 2323 2301 belli

314 2323 617 2388 delendas
663 2323 977 2388 transisse
1012 2323 1329 2388 Hiberum
1376 2321 1998 2406 et·adpropinquare
2035 2323 2325 2388 adlatum

313 2413 437 2493 est,
510 2411 894 2494 signumque
965 2430 1220 2494 pugnae
1291 2410 1702 2493 propositum
1777 2409 1858 2473 ab
1929 2430 2098 2474 novo
2165 2409 2323 2475 duce

243 2512 276 2560 9
313 2498 552 2563 milites
606 2496 933 2582 viderunt,
985 2496 1333 2580 recordati,
1389 2518 1551 2581 quos
1604 2497 1806 2580 ‘paulo
1854 2499 2003 2562 ante
2048 2498 2324 2580 impera·

298 2590 488 2659 ,tores
523 2585 926 2651 'habuissent
976 2585 1334 2670 quibusque
1388 2588 1454 2651 et
1497 2585 1766 2650 ducibus
1812 2591 1878 2650 et
1922 2585 2127 2670 copiis
2173 2585 2325 2651 freti

311 2675 566 2758 prodire
622 2675 691 2738 in
733 2695 1023 2759 pugnam
1070 2673 1252 2739 soliti
1296 2677 1538 2757 essent,
1591 2673 1745 2738 flere
1791 2695 2013 2738 omnes
2059 2677 2325 2756 repente

314 2766 382 2828 et
434 2764 746 2829 offensare
800 2764 1016 2844 capita
1069 2765 1135 2826 et
1189 2762 1303 2827 alii
1358 2784 1587 2828 manus
1643 2761 1723 2826 ad
1770 2761 2016 2826 caelum
2060 2759 2324 2825 tendere

313 2851 464 2917 deos
509 2851 899 2935 incusantes,
948 2848 1061 2915 alii
1110 2850 1305 2915 strati
1350 2849 1532 2914 humi
1577 2871 1765 2914 suum
1810 2848 2077 2932 quisque
2121 2849 2325 2913 nomi-

229 2950 293 2999 10
313 2938 519 3003 natim
553 2998 562 3006 .
600 2938 824 3005 ducem
903 2938 1289 3022 implorare..
1378 2959 1586 3023 neque
1665 2936 1875 3001 sedari
1917 2936 2324 3003 .lamentatio

311 3029 570 3112 poterat
615 3026 1044 3091 excitantibus
1091 3025 1573 3090 centurionibus
1614 3024 2044 3111 manipulares
2083 3025 2325 3116 eij-ipso

311 3116 631 3180 mulcente
685 3117 752 3180 et
804 3114 1179 3197 increpante
1223 3113 1499 3198 Marcio,
1555 3113 1724 3197 quod
1757 3114 1838 3178 ‘in
1881 3112 2216 3178 muliebris
2263 3115 2329 3177 et

312 3202 578 3269 inutiles
635 3224 703 3268 se
748 3202 1175 3287 proiecissent
1220 3201 1409 3266 fletus
1455 3202 1704 3286 potius,
1751 3223 1944 3286 quam
1992 3200 2071 3267 ad
2115 3204 2327 3267 tutan-

313 3292 448 3357 dos'
504 3295 708 3357 semet
771 3291 949 3375 ipsos
1014 3293 1078 3355 et
1147 3311 1285 3355 rem
1349 3289 1674 3374 publicam
1744 3288 1976 3354 secum
2025 3291 2328 3356 acuerent

276 3378 289 3389 ’
315 3379 583 3462 animos,
622 3383 688 3444 et
723 3400 805 3443 ne
842 3378 1087 3444 inultos
1124 3378 1551 3462 imperatores
1590 3399 1741 3444 suos
1778 3378 1987 3443 iacere
2017 3376 2326 3441 sinerent:

228 3475 290 3526 11
316 3485 460 3530 cum
521 3468 735 3532 subito
792 3468 1037 3532 clamor
1091 3467 1520 3552 tubarumque
1578 3484 1791 3532 sonus·
1830 3501 1915 3513 —
1969 3464 2100 3528 iam
2154 3462 2329 3527 enim
