2654 3913
395 196 523 259 124
682 194 900 250 mssa
933 194 1127 250 xxvi
1202 194 1356 249 cAP.
1398 201 1483 249 ιι.
1529 201 1610 250 12.
1687 196 1765 265 [a.
1802 194 1868 250 tJ.
1907 212 1952 250 ο.
1991 196 2118 266 543]

394 341 512 405 sub
542 340 793 405 vexillis
821 339 893 403 in
921 339 1441 423 supplementum
1458 337 1815 422 Hispaniae
1831 338 2159 422 profectos
2179 338 2411 421 audiit3

324 439 359 486 6
396 451 602 512 parva
646 432 891 510 autem,
939 427 1110 513 quod
1146 448 1266 509 per
1309 448 1421 492 eos
1468 426 1602 492 dies
1648 448 1794 491 eum
1838 427 2007 491 forte
2050 446 2306 510 agrum,
2342 427 2408 490 in

398 539 524 603 quo
564 517 712 602 'ipse
757 519 973 581 castra
1017 515 1312 598 haberet,
1358 514 1610 580 venisse
1654 514 1822 579 nihil
1860 515 1942 580 ob
1979 514 2045 579 id
2080 513 2411 578 deminuto

324 615 355 662 ’1
396 605 607 691 pretio
651 605 984 690 cognitum
1029 625 1108 667 ex
1152 604 1431 688 quodam
1465 604 1721 687 captivo
1758 606 1890 688 est,-
1946 601 2014 666 id
2054 622 2208 667 vero
2247 601 2411 668 adeo

394 694 746 777 superbum
792 696 984 778 atque
1027 691 1366 776 indignum
1400 691 1638 773 visum,
1683 691 1824 757 eius
1861 690 2009 773 soli,
2055 689 2223 775 quod
2266 689 2410 772 ipse

391 782 566 846 bello
613 785 876 864 captum
924 780 1283 864 possideret:
1326 779 1749 864 haberetque,
1793 779 2124 844 inventum
2163 777 2410 842 Romae

396 872 771 951 emptorem,
800 871 874 931 ut
902 867 1225 950 extemplo
1255 870 1485 931 vocato
1514 888 1833 948 praecone
1860 868 2163 933 tabernas
2184 885 2409 950 argen-

394 955 624 1037 tarias,
688 976 853 1037 quae
916 954 1088 1017 circa
1148 954 1362 1019 forum
1419 953 1785 1019 Romanum
1848 958 2091 1038 essent,
2150 953 2412 1018 iusserit

325 1052 359 1099 8
396 1042 631 1106 venire.
713 1041 817 1105 his
863 1043 1077 1105 motus
1135 1041 1216 1105 ad
1261 1040 1522 1105 Tutiam
1567 1041 1836 1106 fluvium
1882 1046 2099 1107 castra
2142 1042 2414 1124 rettulit,

396 1150 506 1193 sex
551 1128 736 1193 milia
779 1149 1092 1213 passuum
1139 1128 1219 1192 ab
1266 1128 1445 1192 urbe.
1521 1128 1669 1192 inde
1715 1128 1798 1192 ad
1841 1128 2058 1193 lucum
2103 1129 2412 1195 Feroniae

393 1217 611 1300 pergit
657 1216 777 1300 ire,
830 1216 1145 1301 templum
1200 1237 1278 1280 ea
1330 1218 1717 1298 tempestate
1772 1215 2091 1280 inclutum
2147 1215 2412 1281 divitiis.

324 1315 356 1364 9
397 1302 759 1390 Capenates
817 1305 1084 1388 aliique,
1147 1305 1257 1386 qui
1314 1305 1570 1370 accolae
1626 1304 1760 1369 eius
1816 1306 2024 1385 erant,
2086 1303 2413 1387 primitias

395 1393 656 1480 frugum
721 1415 798 1459 eo
862 1392 1157 1476 donaque
1214 1392 1343 1457 alia
1393 1413 1510 1476 pro
1567 1392 1755 1476 copia
1805 1395 2142 1475 portantes
2206 1392 2411 1457 multo

398 1505 555 1548 auro
602 1485 997 1567 argentoque
1040 1480 1110 1544 id
1157 1486 1536 1547 exornatum
1570 1480 1916 1546 habebant.
1986 1479 2070 1544 iis
2116 1479 2412 1545 omnibus

396 1570 579 1634 donis
607 1574 748 1635 tum
777 1570 1130 1653 spoliatum
1157 1568 1493 1652 templum.
1550 1568 1714 1633 aeris
1744 1568 1981 1651 acervi,
2009 1590 2154 1633 cum
2180 1568 2414 1633 rudera

394 1658 636 1722 milites
691 1657 1007 1740 religione
1061 1656 1310 1721 inducti
1368 1657 1678 1738 iacerent,
1739 1659 1891 1738 post
1944 1656 2413 1738 profectionem

292 1755 356 1801 10
394 1743 783 1807 Hannibalis
810 1744 1032 1826 magni
1059 1742 1324 1806 inventi.
1396 1742 1587 1806 huius
1615 1742 1949 1825 populatio
1978 1742 2207 1825 templi
2238 1742 2411 1807 haud

394 1830 589 1894 dubia
633 1829 803 1893 inter
839 1830 1186 1913 scriptores
1225 1831 1345 1892 est.
1425 1827 1681 1893 Coelius
1718 1828 1993 1893 Romam
2031 1830 2289 1894 euntem
2326 1831 2410 1895 ab

391 1917 590 1985 Ereto
637 1917 989 1983 devertisse
1036 1937 1111 1982 eo
1150 1915 1590 1982 Hannibalem
1626 1916 1827 1982 tradit
1862 1917 2112 2002 iterque
2151 1916 2288 1982 eius
2328 1919 2410 1983 ab

290 2017 352 2064 11
393 2008 596 2073 Reate
626 2004 1011 2091 Cutiliisque
1049 2008 1114 2070 et
1150 2006 1231 2070 ab
1260 2005 1597 2071 Amiterno
1641 2004 1913 2088 orditur3
1950 2027 2027 2070 ex
2056 2004 2412 2090 Campania

392 2098 461 2161 in
498 2093 858 2177 Samnium,
903 2095 1055 2161 inde
1104 2094 1173 2159 in
1218 2094 1566 2179 Paelignos
1611 2094 1980 2177 pervenisse
2025 2097 2411 2178 praeterque

395 2183 702 2267 oppidum
748 2181 1124 2247 Sulmonem
1168 2183 1238 2246 in
1282 2182 1685 2248 Marrucinos
1731 2181 2067 2265 transisse,
2112 2181 2262 2247 inde
2299 2181 2411 2244 Al-

395 2271 579 2334 bensi
644 2290 801 2352 agro
865 2270 934 2332 in
998 2268 1277 2351 MarsOS,
1342 2268 1493 2333 hinc
1545 2268 1955 2333 Amiternum
2007 2268 2412 2352 Forulosque

232 2371 239 2377 ·
290 2367 352 2413 12
392 2356 604 2420 vicum
649 2355 919 2419 venisse.
1009 2374 1215 2438 neque
1260 2355 1356 2420 ibi
1391 2377 1570 2419 error
1617 2359 1746 2436 est,
1800 2355 1971 2437 quod
2017 2356 2187 2419 tanti
2240 2358 2414 2421 ducis

393 2444 676 2528 tantique
713 2441 1028 2506 exercitus
1065 2441 1346 2524 vestigia
1383 2442 1560 2507 intra
1584 2445 1720 2505 tam
1749 2442 1962 2507 brevis
2002 2442 2144 2507 aevi
2170 2463 2413 2509 memo-

390 2532 555 2595 riam
609 2530 942 2615 potuerint
997 2529 1301 2594 confundi
1353 2566 1430 2577 —
1480 2530 1609 2595 isse
1664 2530 1837 2594 enim
1884 2553 1962 2595 ea
2008 2534 2265 2596 constat
2311 2568 2413 2615 —,

290 2631 352 2677 13
393 2622 646 2684 tantum
692 2619 761 2683 id
803 2619 1101 2701 interest,
1147 2618 1477 2683 veneritne
1514 2639 1592 2683 eo
1628 2618 1862 2683 itinere
1898 2619 1981 2684 ad
2024 2619 2283 2703 urbem,
2329 2642 2413 2684 an

393 2709 474 2773 ab
520 2709 679 2773 urbe
726 2707 797 2772 in
842 2704 1265 2789 Campaniam
1310 2706 1591 2771 redierit.

326 2809 349 2853 1
569 2795 715 2860 XII.
776 2793 1074 2861 Ceterum
1126 2816 1259 2860 non
1305 2798 1619 2878 quantum
1663 2793 1974 2859 Romanis
2019 2794 2413 2878 pertinaciae

392 2884 473 2949 ad
517 2882 936 2966 premendam
983 2882 1319 2947 obsidione
1358 2880 1647 2966 Capuam
1685 2882 1837 2963 fuit,
1881 2885 2140 2946 tantum
2182 2882 2262 2947 ad
2309 2883 2412 2947 de·

320 2981 350 3027 2
391 2970 772 3034 fendendam
799 2968 1176 3033 Hannibali.
1221 2990 1502 3052 namque
1523 2990 1643 3051 per
1665 2968 2000 3035 Samnium
2027 2972 2094 3034 et
2119 2968 2413 3036 Lucanos

389 3056 461 3120 in
515 3056 846 3120 Bruttium
906 3076 1137 3141 agrum
1192 3055 1275 3119 ad
1329 3056 1569 3122 fretum
1627 3077 1702 3121 ac
1755 3055 2036 3141 Regium
2091 3079 2167 3125 eo
2222 3079 2414 3124 cursu

391 3143 750 3227 contendit,
804 3146 878 3208 ut
930 3164 1130 3227 prope
1182 3144 1534 3244 ‘repentino
1593 3144 1874 3210 adventu
1939 3145 2238 3212 incautos
2301 3167 2414 3230 op-

320 3247 352 3293 ³
390 3236 792 3404 matt,
810 3229 1052 3384 ‘2233
1076 3230 2414 3402 ΞῗέθέἷξῗξΕῗὲἔέξὲῃὲῗῗθέἔὶαῖᾗέἐὲ

316 3418 352 3465 4
389 3411 534 3471 orta
581 3412 682 3473 est
725 3430 854 3473 non
901 3408 1099 3472 simul
1145 3428 1514 3493 regressum
1560 3406 2017 3473 Hannibalem.
2101 3407 2253 3471 inde
2298 3429 2416 3492 per

389 3494 734 3577 conloquia
769 3495 1236 3560 intellexerunt
1271 3496 1533 3561 relictos
1572 3518 1642 3562 se
1679 3497 2093 3578 desertosque
2132 3498 2200 3560 et
2235 3518 2417 3581 spem
