2654 3913
631 197 845 252 LIBER
878 186 1075 254 XXIV.
1151 198 1302 253 GAP.
1343 205 1426 254 46.
1466 206 1549 256 47.
1627 201 1702 271 [a.
1742 200 1798 255 c.
1839 204 1968 272 213]
2220 204 2302 268 51
2367 166 2372 169 Δ

299 340 511 406 locum
549 341 756 407 scalas
793 341 986 406 iussit
1022 340 1207 406 ferre.
1269 346 1461 426 porta
1496 342 1884 429 ibiqhumilis
1924 347 1990 409 et
2027 350 2306 430 angusta
2342 360 2375 408 3

300 433 441 493 erat
485 428 879 514 infrequenti
924 429 1029 493 via
1073 450 1188 513 per
1231 429 1554 495 desertam
1599 433 1852 514 partem
1898 433 2095 497 urbis,
2165 456 2306 499 eam

298 520 553 600 portam
613 516 805 581 scalis
865 516 1040 601 prius
1099 521 1544 603 transgressos
1603 540 1857 603 murum
1917 521 2165 602 aperire
2229 542 2307 586 ex

298 604 604 669 interiore
641 606 826 687 parte
864 609 978 669 aut
1015 605 1299 670 claustra
1325 605 1678 690 refringere
1704 606 1887 671 iubet
1923 612 1990 672 et
2015 611 2305 675 tenentes

297 696 550 775 partem
606 691 786 757 urbis
842 713 1042 756 cornu
1097 694 1359 777 signum
1414 693 1592 778 dare,
1655 698 1729 759 ut
1782 697 2030 759 ceterae
2087 697 2308 780 copiae

299 779 819 847 admoverentur:
858 783 1087 864 parata
1122 781 1340 846 omnia
1374 784 1564 866 atque
1600 782 1918 848 instructa
1954 804 2093 849 sese
2129 784 2308 848 habi-

298 872 537 933 turum.
612 889 689 932 ea
723 868 973 952 inpigre
1009 868 1210 951 facta,
1247 872 1313 933 et
1352 870 1521 954 quod
1556 869 2084 952 impedimentum
2121 891 2306 956 agen-
2343 885 2377 933 4

299 956 476 1020 tibus
521 956 662 1020 fore
708 955 1069 1036 videbatur,
1116 957 1182 1020 id
1227 957 1503 1021 maxime
1540 957 1620 1022 ad
1658 958 2008 1022 fallendum
2046 958 2307 1024 adiuvit.

302 1044 509 1108 imber
554 1044 634 1108 ab
679 1045 870 1109 nocte
916 1044 1128 1117 media
1173 1048 1431 1110 coortus
1472 1045 1769 1111 custodes
1814 1046 2166 1131 vigilesque
2213 1046 2305 1112 di-

301 1132 517 1215 lapsos
559 1152 593 1195 e
630 1131 1018 1197 stationibus
1057 1131 1402 1217 subfugere
1437 1133 1507 1197 in
1541 1136 1716 1198 tecta
1753 1135 1992 1219 coegit,
2028 1135 2304 1199 sonitus·
2344 1147 2376 1197 5

300 1240 422 1303 que
484 1219 695 1302 primo
758 1219 1060 1308 largioris
1124 1220 1445 1302 procellae
1506 1221 1848 1305 strepitum
1902 1222 2307 1287 molientium

300 1310 555 1390 portam
593 1306 876 1372 exaudiri
910 1306 1270 1392 prohibuit,
1315 1308 1554 1372 lentior
1591 1308 1817 1374 deinde
1854 1310 2308 1394 aequaliorque

220 1472 227 1481 ·
304 1395 596 1461 accidens
652 1396 917 1460 auribus
971 1415 1275 1480 magnam
1339 1400 1593 1479 partem
1654 1395 1988 1461 hominum
2049 1398 2306 1479 sopivit.

302 1485 645 1567 postquam
691 1487 946 1568 portam
991 1484 1325 1567 tenebant,
1381 1483 1735 1549 cornicines
1779 1486 1847 1548 in
1892 1483 1999 1547 via
2042 1485 2306 1567 paribus
2344 1498 2375 1546 6

304 1571 666 1636 intervallis
715 1570 1063 1655 dispositos
1109 1592 1335 1637 canere
1389 1571 1636 1655 iubent,
1690 1575 1763 1636 ut
1817 1572 2145 1637 consulem
2203 1593 2307 1635 ex-

305 1660 525 1724 cirent.
606 1659 671 1724 id
716 1659 829 1723 ubi
874 1658 1115 1723 factum
1162 1680 1240 1723 ex
1286 1659 1644 1743 composito
1693 1663 1818 1742 est,
1864 1659 2052 1743 signa
2097 1659 2307 1723 efferri
2345 1672 2375 1720 '1

304 1748 528 1814 consul
571 1746 755 1812 iubet
799 1768 873 1812 ac
916 1748 1106 1830 paulo
1154 1750 1303 1812 ante
1350 1747 1559 1812 lucem
1611 1768 1728 1830 per
1782 1747 2110 1811 effractam
2163 1768 2308 1831 por-

304 1839 439 1902 tam
498 1835 723 1901 urbem
781 1835 1158 1924 ingreditur.
1256 1834 1517 1900 XLVII.
1575 1838 1716 1900 tum
1775 1836 2030 1899 demum
2087 1834 2308 1899 hostes
2351 1848 2377 1896 1
2499 1799 2509 1807 ⁹

306 1923 569 1990 ex'citati
615 1927 768 1989 sunt
810 1923 940 1988 iam
977 1927 1044 1989 et
1079 1922 1284 1988 imbre
1322 1923 1805 2007 conquiescente
1848 1927 1913 1988 et
1947 1922 2312 2007 propinqua

237 2065 245 2073 .
306 2014 464 2077 luce.
508 2011 899 2096 praesidium
926 2012 994 2075 in
1022 2011 1182 2076 urbe
1212 2015 1352 2076 erat
1378 2011 1790 2095 Hannibalis,
1820 2011 2099 2094 quinque
2128 2012 2310 2075 milia
2345 2022 2380 2070 2

307 2100 509 2165 ferme
554 2101 977 2182 armatorum,
1012 2101 1088 2162 'et
1130 2099 1258 2182 ipsi
1302 2098 1533 2183 Arpini
1578 2100 1706 2164 tria
1752 2098 1931 2162 milia
1974 2098 2311 2161 hominum

310 2189 654 2254 armarant.
685 2207 810 2252 eos
854 2186 1097 2270 primos
1131 2184 1357 2271 Poeni,
1401 2208 1482 2251 ne
1529 2186 1677 2270 quid
1724 2186 1805 2251 ab
1844 2189 2029 2269 tergo
2065 2184 2316 2249 fraudis

309 2280 506 2362 esset,
543 2275 718 2340 hosti
755 2277 1213 2358 opposuerunt.
1285 2277 1643 2358 pugnatum
1679 2275 1887 2359 primo
1923 2275 1993 2337 in
2026 2272 2311 2338 tenebris
2349 2285 2382 2332 3

309 2388 391 2431 an
484 2364 729 2447 stisque
774 2363 896 2428 viis
954 2367 1072 2427 est.
1161 2383 1305 2427 cum
1353 2362 1629 2427 Romani
1682 2383 1812 2426 non
1866 2361 2006 2426 vias
2060 2363 2314 2426 tantum

310 2475 378 2518 se
466 2456 640 2516 tecta
685 2451 882 2516 etiam
927 2450 1222 2535 proxima
1265 2454 1489 2533 portae
1545 2453 1992 2534 occupassent,
2044 2470 2124 2512 ne
2178 2448 2314 2531 peti

311 2560 583 2624 superne
630 2560 704 2603 ac
748 2539 1069 2604 volnerari
1113 2542 1409 2621 possent,
1454 2538 1698 2621 cogniti
1744 2539 1913 2602 inter
1956 2555 2019 2601 se
2056 2536 2313 2619 quidam
2351 2546 2385 2595 4

311 2626 670 2711 Arpinique
706 2628 772 2689 et
807 2624 1082 2690 Romani
1117 2628 1309 2709 atque
1346 2626 1492 2689 inde
1530 2625 1871 2708 conloquia
1908 2626 2139 2705 coepta
2173 2622 2316 2685 fieri

311 2712 879 2799 percunctantibus
943 2711 1285 2796 Romanis,
1358 2713 1512 2797 quid
1575 2712 1701 2776 sibi
1764 2710 2005 2776 vellent
2068 2708 2317 2791 Arpini,
2353 2720 2386 2767 5

311 2825 505 2887 quam
551 2802 636 2868 ob
682 2822 917 2865 noxam
954 2799 1417 2884 Romanorum,
1464 2804 1577 2864 aut
1613 2799 1780 2882 quod
1818 2797 2122 2861 meritum
2157 2794 2319 2859 Poe-

310 2912 542 2955 norum
579 2911 697 2974 pro
729 2888 1108 2973 alienigenis
1138 2909 1212 2952 ac
1239 2887 1537 2965 barbaris
1566 2886 1781 2952 Italici
1818 2885 2119 2950 adversus
2149 2885 2319 2948 vete-

311 2999 414 3043 res
460 2977 669 3042 socios
714 2975 1042 3042 Romanos
1088 2974 1331 3040 bellum
1377 2978 1676 3059 gererent
1720 2977 1786 3038 et
1820 2972 2206 3056 vectigalem
2244 2991 2319 3036 ac

313 3064 792 3148 stipendiariam
847 3064 1109 3128 Italiam
1164 3062 1428 3127 Africae
1479 3061 1791 3146 facerent3
1846 3060 2116 3144 Arpinis
2171 3081 2316 3144 pur·
2355 3070 2388 3119 6

310 3152 617 3239 gantibus
652 3152 912 3235 ignaros
951 3151 1237 3216 omnium
1274 3171 1344 3214 se
1371 3171 1604 3216 venum
1643 3173 1683 3216 a
1707 3149 2105 3234 principibus
2135 3148 2318 3210 datos

311 3241 559 3323 Poeno,
605 3242 826 3320 captos
870 3258 1339 3321 oppressosque
1386 3260 1425 3302 a
1459 3239 1682 3321 paucis
1720 3257 1874 3302 esse.
1947 3235 2133 3298 initio
2174 3235 2316 3296 orto
2357 3242 2389 3290 7

310 3329 527 3413 plures
575 3347 721 3392 cum
765 3326 1055 3409 pluribus
1101 3325 1428 3410 conloqui3
1475 3329 1799 3409 postremo
1836 3325 2099 3406 praetor
2134 3317 2320 3400 Arpi-

310 3438 429 3482 nus
477 3416 558 3481 ab
608 3415 741 3479 suis
788 3413 869 3478 ad
913 3413 1241 3479 consulem
1287 3412 1616 3495 deductus,
1663 3410 1912 3494 fideque
1958 3408 2111 3471 data
2153 3405 2322 3469 inter

312 3505 502 3590 signa
546 3504 845 3588 aciesque
891 3501 1123 3585 Arpini
1177 3502 1441 3583 repente
1492 3519 1609 3581 pro
1655 3496 1967 3562 Romanis
2015 3493 2320 3558 adversus

1826 3598 1901 3651 4*
