2654 3913
524 209 742 264 LIBER
779 210 974 266 XXIV.
1050 210 1202 265 CAP.
1241 217 1327 267 42.
1367 217 1452 266 43.
1529 212 1602 283 [a.
1641 213 1698 267 c.
1736 219 1855 268 214.
1895 214 2025 285 213]
2195 213 2278 276 47

265 354 601 419 duodecim
648 355 833 419 milia
877 354 1216 420 hominum
1275 355 1576 421 dicuntur
1630 378 1842 441 caesa,
1894 379 2097 441 prope
2151 358 2282 423 tria

266 445 459 527 capta
505 464 650 507 cum
700 443 906 526 signis
954 443 1351 509 militaribus
1399 448 1646 529 septem
1694 448 1760 508 et
1796 446 2283 530 quinquaginta.

181 534 185 538 ’
267 531 348 596 ad
377 531 733 616 Auringem
772 531 921 595 inde
951 532 1179 597 urbem
1206 532 1405 597 Poeni
1433 554 1779 617 recessere,
1809 537 1889 617 et,
1924 537 1999 599 ut
2036 534 2280 598 territis
2321 544 2352 592 5

266 618 572 703 instaret,
611 624 868 685 secutus
906 618 1256 687 Romanus
1331 621 1426 686 ibi
1460 622 1697 686 iterum
1735 619 1948 705 Scipio
1987 622 2283 687 lecticula

266 707 333 770 in
394 709 598 772 aciem
664 708 907 772 inlatus
973 708 1289 790 conflixit,
1351 730 1469 774 nec
1534 709 1732 774 dubia
1796 710 2070 775 victoria
2131 710 2283 793 fuit3

267 795 478 860 minus
526 799 747 860 tamen
792 796 1054 861 dimidio
1102 796 1392 861 hostium
1439 818 1633 880 quam
1671 801 1886 881 antea,
1932 798 2085 882 quia
2129 819 2282 881 pau·

268 883 470 949 ciores
518 884 991 967 superfuerant,
1028 885 1135 968 qui
1171 887 1562 969 pugnarent,
1601 885 1897 951 occisum.
1972 885 2084 950 sed
2122 905 2280 970 gens
2319 896 2353 944 6

266 975 422 1036 nata
449 971 888 1037 instaurandis
918 972 1422 1056 reparandisque
1449 973 1670 1056 bellis,
1706 972 1984 1059 Magone
2024 973 2104 1038 ad
2131 990 2283 1038 con-

269 1060 682 1143 quisitionem
708 1061 990 1126 militum
1027 1082 1071 1126 a
1096 1061 1297 1125 fratre
1325 1061 1524 1126 misso
1532 1110 1551 1146 ,
1588 1061 1771 1127 brevi
1798 1061 2077 1146 replevit
2114 1083 2285 1127 exer-

270 1148 470 1212 citum
518 1150 892 1234 animosque
941 1148 1022 1214 ad
1059 1150 1504 1233 temptandum
1543 1148 1620 1214 de
1657 1149 1914 1234 integro
1959 1153 2282 1214 certamen

268 1235 447 1321 fecit3
507 1238 619 1301 alii
673 1238 966 1322 plerique
1011 1238 1278 1321 milites,
1336 1238 1569 1322 quippe
1627 1259 1745 1320 pro
1801 1241 1986 1321 parte
2044 1239 2281 1304 totiens
2322 1247 2352 1295 ⁷

269 1324 443 1389 intra
485 1347 725 1410 paucos
764 1326 901 1390 dies
938 1326 1140 1409 victa,
1177 1326 1407 1390 iisdem
1447 1326 1710 1408 animis,
1746 1326 1976 1409 quibus
2015 1326 2283 1410 prioreS,

270 1411 618 1496 eodemque
657 1416 889 1479 eventu
924 1435 1320 1500 pugnavere:
1358 1414 1505 1496 plus
1545 1416 1689 1477 octo
1727 1414 1910 1478 milia
1945 1412 2281 1478 hominum
2320 1421 2354 1470 8

270 1520 486 1583 caesa,
531 1501 703 1565 haud
746 1502 955 1566 multo
994 1502 1204 1566 minus
1244 1523 1439 1586 quam
1480 1500 1659 1565 mille
1698 1506 1956 1583 captum
1994 1504 2059 1564 et
2095 1501 2285 1584 signa

272 1588 586 1652 militaria
632 1589 1100 1674 quinquaginta
1147 1592 1320 1672 octo;
1367 1593 1433 1654 et
1470 1590 1683 1673 spolia
1717 1589 1998 1672 plurima
2035 1586 2285 1653 Gallica

271 1674 475 1760 fuere,
505 1678 682 1741 aurei
709 1680 973 1762 torques
1002 1677 1452 1761 armillaeque,
1478 1697 1754 1762 magnus
1782 1697 2103 1742 numerus.
2159 1675 2281 1742 duo

272 1764 469 1829 etiam
529 1765 817 1851 insignes
879 1766 1090 1850 reguli
1145 1764 1485 1831 Gallorum
1536 1802 1612 1811 —
1670 1764 2158 1849 Moeniacoepto
2221 1768 2286 1830 et

270 1852 571 1917 Vismaro
618 1854 886 1919 nomina
932 1857 1118 1918 erant
1162 1890 1249 1900 —
1295 1875 1372 1918 eo
1409 1854 1655 1937 proelio
1697 1853 2074 1918 ceciderunt.
2139 1856 2317 1940 octo,

273 1941 599 2025 elephanti
646 1942 844 2027 capti,
885 1945 1018 2008 tres
1059 1942 1271 2008 occisi.
1313 1979 1395 1989 —
1435 1940 1595 2007 Cum
1633 1945 1767 2007 tam
1808 1964 2152 2026 prosperae
2189 1962 2286 2007 res
2322 1949 2356 1999 9

271 2030 342 2093 in
376 2029 699 2113 Hispania
735 2034 978 2114 essent,
1014 2031 1395 2097 verecundia
1430 2030 1758 2096 Romanos
1796 2032 2059 2094 tandem
2097 2031 2286 2113 cepit,

275 2115 639 2202 Saguntum
686 2118 1023 2202 oppidum,
1079 2140 1241 2202 quae
1287 2141 1484 2184 causa
1527 2118 1679 2183 belli
1736 2121 1932 2202 esset,
1989 2122 2285 2182 octavum

271 2206 405 2270 iam
469 2227 708 2271 annum
771 2206 892 2271 sub
950 2207 1236 2271 hostium
1295 2208 1624 2292 potestate
1685 2227 1841 2271 esse.
1942 2206 2161 2290 itaque
2219 2204 2286 2269 id
2328 2214 2393 2264 10

273 2294 584 2377 oppidum
631 2295 695 2359 vi
741 2295 932 2379 pulso
989 2295 1310 2379 praesidio
1358 2295 1600 2360 Punico
1660 2299 2039 2380 receperunt
2083 2295 2285 2360 culto-

272 2383 573 2469 ribusque
621 2384 907 2467 antiquis
917 2433 937 2467 ,
984 2405 1143 2467 quos
1192 2405 1270 2448 ex
1312 2384 1394 2448 iis
1442 2384 1541 2449 vis
1577 2384 1928 2468 reliquerat
1965 2383 2145 2468 belli,
2190 2404 2288 2447 re-

274 2471 650 2556 stituerunt3
709 2477 774 2536 et
827 2471 1258 2556 Turdetanos,
1314 2472 1426 2555 qui
1483 2475 1936 2537 contraxerant
1995 2472 2088 2536 eis
2144 2492 2287 2537 cum
2329 2480 2392 2528 11

275 2556 920 2644 Carthaginiensibus
965 2561 1241 2644 bellum,
1287 2561 1358 2623 in
1402 2563 1794 2645 potestatem
1836 2560 2130 2624 redactos
2168 2560 2288 2627 sub

274 2668 514 2712 corona.
559 2647 984 2712 vendiderunt
1029 2649 1382 2733 urbemque
1430 2670 1649 2713 eorum
1698 2648 2005 2712 delerunt.

450 2735 688 2801 XLIII.
760 2735 940 2802 Haec
992 2735 1065 2800 in
1116 2736 1434 2822 Hispania
1490 2736 1563 2811 Q.
1614 2735 1819 2800 Fabio
1874 2734 1959 2799 M.
2017 2733 2286 2799 Claudio
2330 2745 2357 2792 1

274 2825 644 2890 consulibus
674 2829 878 2910 gesta.
943 2823 1188 2889 Romae
1218 2847 1363 2890 cum
1391 2824 1635 2889 tribuni
1660 2824 1873 2909 plebis
1902 2823 2053 2888 novi
2083 2823 2289 2906 magi·
2326 2834 2358 2882 2

274 2916 551 2978 stratum
595 2914 895 2998 inissent,
946 2914 1271 2997 extemplo
1319 2913 1692 2978 censoribus
1737 2912 1807 2979 Ρ.
1851 2911 2044 2978 Furio
2093 2914 2159 2976 et
2204 2911 2290 2975 M.

275 3000 484 3065 Atilio
530 3023 570 3065 a
605 3002 700 3066 M.
727 3001 994 3067 Metello
1038 3002 1301 3067 tribuno
1340 3001 1550 3085 plebis
1587 3001 1722 3066 dies
1761 3001 1934 3067 dicta
1971 3000 2051 3065 ad
2087 3021 2288 3085 popu-

273 3091 413 3153 lum
442 3091 557 3152 est.
622 3094 1028 3173 quaestorem
1068 3111 1213 3154 eum
1249 3090 1545 3172 proximo
1587 3111 1754 3156 anno
1797 3090 2097 3173 adempto
2128 3110 2289 3173 equo
2327 3099 2361 3147 3

274 3176 450 3241 tribu
495 3181 833 3241 moverant
879 3182 1072 3262 atque
1119 3179 1441 3242 aerarium
1493 3178 1781 3245 fecerant
1835 3182 2099 3262 propter
2143 3198 2289 3240 con·

274 3264 663 3330 iurationem
709 3264 1095 3330 deserendae
1141 3265 1372 3330 Italiae
1420 3266 1501 3330 ad
1547 3263 1802 3331 Cannas
1850 3267 2110 3329 factam.
2178 3262 2289 3326 sed

273 3375 506 3418 novem
542 3352 950 3418 tribunorum
988 3354 1228 3418 auxilio
1267 3353 1457 3419 vetiti
1494 3375 1753 3418 causam
1799 3353 1865 3416 in
1901 3351 2287 3435 magistratu

274 3441 482 3506 dicere
513 3441 886 3527 dimissique
913 3440 1186 3506 fuerant.
1254 3462 1337 3506 ne
1373 3443 1651 3506 lustrum
1679 3439 2086 3523 perficerent,
2115 3459 2287 3503 mors
2325 3450 2362 3499 4

269 3530 609 3616 prohibuit
635 3529 704 3595 P.
725 3530 898 3597 Furi.
943 3528 1029 3596 M.
1059 3530 1301 3595 Atilius
1330 3529 1715 3614 magistratu
1745 3548 1812 3593 se
1842 3526 2181 3592 abdicavit.
2207 3561 2283 3575 -ι
