2654 3913
350 213 437 275 98
651 211 872 266 LIBER.
906 211 1077 270 xxv.
1155 213 1308 268 CAP.
1351 218 1434 267 33.
1474 219 1558 266 34.
1635 212 1709 281 [a.
1750 214 1813 267 U.
1852 229 1897 265 ο.
1939 215 2066 280 542]

347 358 496 419 rent
541 376 722 419 arma
768 356 1108 440 agebatur,
1154 358 1220 419 et
1263 371 1506 418 merces
1515 404 1533 437 ,
1588 356 1830 436 quanta
1874 354 1977 416 vel
2020 375 2141 438 pro
2185 356 2359 421 bello

352 443 513 507 satis
561 446 750 526 esset,
796 444 1089 527 dabatur,
1131 464 1212 506 ne
1248 442 1495 506 bellum
1532 445 1848 524 gererent,
1894 443 1960 504 et
1995 462 2140 505 cum
2175 443 2358 527 quies

350 531 524 616 ipsa,
592 534 737 596 tum
806 532 1050 596 reditus
1124 530 1386 594 domum
1452 528 1824 611 fructusque
1884 528 2144 593 videndi
2207 552 2358 596 suos

279 626 315 677 5
354 640 597 703 suaque
643 621 831 704 grata
867 620 1060 703 vulgo
1099 620 1300 681 erant.
1370 616 1591 700 itaque
1629 638 1762 681 non
1798 616 2063 681 ducibus
2100 616 2359 684 facilius

214 742 229 752 ·
353 727 546 790 quam
592 707 995 771 multitudini
1038 726 1415 789 persuasum
1452 709 1586 770 est.-
1631 704 1822 769 simul
1860 726 1943 769 ne
1978 708 2187 769 metus
2224 708 2358 788 qui·

351 794 498 858 dem
538 795 626 857 ab
672 794 986 858 Romanis
1034 797 1197 876 erat,
1244 793 1480 875 quippe
1524 796 1660 857 tam
1705 793 1927 876 paucis
1938 842 1956 875 ,
2000 792 2057 857 si
2101 794 2168 857 vi
2209 794 2358 857 reti-

280 894 314 941 6
349 883 593 946 nerent.
665 882 731 945 id
772 881 1030 965 quidem
1067 880 1418 961 cavendum
1457 902 1709 963 semper
1742 880 2052 945 Romanis
2090 880 2357 947 ducibus

352 967 505 1051 erit,
559 969 979 1053 exemplaque
1031 968 1193 1033 haec
1247 990 1395 1033 vere
1441 990 1559 1051 pro
1607 968 2004 1033 documentis
2046 969 2359 1053 habenda,

348 1076 432 1119 ne
468 1056 566 1119 ita
601 1056 879 1121 externis
918 1055 1183 1120 credant
1220 1056 1497 1140 auxiliis,
1531 1060 1608 1120 ut
1640 1077 1772 1120 non
1799 1057 1944 1139 plus
1975 1057 2074 1120 sui
2103 1058 2358 1123 roboris

280 1155 312 1202 ‘1
349 1164 738 1227 suarumque
782 1145 1044 1227 proprie
1088 1143 1324 1208 virium
1371 1144 1441 1207 in
1488 1142 1716 1208 castris
1765 1144 2067 1208 habeant.
2158 1146 2359 1229 signis

348 1235 614 1314 repente
661 1231 935 1297 sublatis
975 1230 1285 1297 Celtiberi
1331 1232 1570 1297 abeunt
1614 1231 1781 1296 nihil
1826 1231 2004 1296 aliud
2052 1254 2359 1315 quaeren-

348 1316 526 1385 tibus
573 1340 836 1386 causam
871 1321 1499 1405 obtestantibusque,
1540 1324 1617 1385 ut
1650 1323 2005 1403 manerent,
2045 1316 2360 1385 Romanis

279 1418 314 1467 8
350 1409 814 1493 respondentes
853 1431 1049 1494 quam
1088 1409 1440 1475 domestico
1478 1430 1547 1473 se
1585 1408 1844 1473 avocari
1868 1408 2061 1472 bello.
2108 1406 2360 1493 Scipio,

349 1501 698 1582 postquam
746 1498 904 1564 socii
947 1519 1067 1563 nec
1109 1498 1407 1581 precibus
1451 1518 1572 1562 nec
1617 1497 1682 1561 vi
1727 1496 1993 1561 retineri
2043 1500 2361 1581 poterant,

350 1607 469 1651 nec
514 1607 583 1651 se
622 1590 734 1651 aut
768 1608 991 1670 parem
1027 1586 1166 1651 sine
1202 1586 1335 1649 illis
1372 1585 1549 1648 hosti
1587 1605 1726 1649 esse
1765 1587 1879 1648 aut
1912 1583 2105 1648 fratri
2139 1607 2360 1650 rursus

224 1687 230 1693 '
352 1672 657 1757 coniungi
714 1674 875 1737 vidit
931 1694 1149 1754 posse,
1209 1693 1327 1736 nec
1382 1672 1588 1734 ullum
1645 1670 1821 1734 aliud
1877 1671 2159 1735 salutare
2214 1694 2360 1736 con-

280 1772 314 1819 9
353 1760 568 1823 silium
611 1761 680 1823 in
723 1762 1043 1841 promptu·
1079 1779 1248 1840 esse,
1292 1761 1468 1821 retro
1516 1758 1827 1839 quantum
1870 1761 2093 1839 posset
2139 1757 2359 1822 cedere

351 1846 607 1927 statuit,
652 1845 723 1908 in
766 1844 831 1907 id
878 1843 1053 1908 omni
1099 1864 1250 1907 cura
1293 1844 1607 1924 intentuS,
1656 1843 1888 1906 necubi
1918 1841 2108 1907 hosti
2153 1865 2358 1927 aequo

351 1953 421 1998 se
480 1932 914 1998 committeret
970 1932 1141 2015 1000,
1204 1931 1314 2016 qui
1373 1934 1815 2015 transgressus
1874 1929 2114 1995 flumen
2157 1952 2358 2016 prope

348 2021 645 2105 vestigiis
694 2020 1070 2086 abeuntium
1115 2019 1477 2085 insistebat.

282 2122 311 2170 1
526 2106 823 2174 XXXIV.
876 2108 1003 2174 Per
1041 2109 1297 2174 eosdem
1326 2108 1461 2172 dies
1491 2107 1558 2172 P.
1589 2106 1956 2191 Scipionem
1984 2129 2103 2189 par
2129 2111 2361 2192 terror,

280 2211 313 2258 2
350 2198 705 2280 periculum
760 2197 977 2273 maius‘
1027 2197 1108 2261 ab
1162 2217 1333 2261 novo
1387 2197 1577 2261 hoste
1633 2195 1924 2279 urgebat.
2014 2194 2362 2261 Masinissa

351 2289 493 2349 erat
517 2284 782 2367 iuvenis,
818 2305 892 2349 eo
922 2288 1212 2366 tempore
1238 2285 1450 2348 socius
1481 2281 2130 2366 Carthaginiensium,
2168 2305 2361 2367 quem

350 2371 580 2453 deinde⁴
622 2372 867 2436 clarum
909 2373 1366 2453 potentemque
1401 2369 1697 2434 Romana
1734 2368 1891 2433 fecit
1927 2369 2230 2436 amicitia.
2302 2372 2360 2436 is

280 2473 312 2520 3
349 2463 490 2523 tum
529 2480 675 2524 cum
713 2459 1008 2543 equitatu
1033 2455 1462 2523 Numidarum
1490 2460 1556 2521 et
1583 2456 1947 2521 advenienti
1972 2455 2044 2520 P.
2072 2454 2362 2542 Scipioni

352 2546 631 2612 occurrit
702 2551 768 2613 et
840 2544 1065 2611 deinde
1140 2545 1405 2609 adsidue
1470 2545 1604 2609 dies
1669 2547 2019 2628 noctesque
2083 2545 2360 2612 infestus

279 2648 337 2695 4
353 2636 592 2719 aderat,
613 2639 702 2700 ut
736 2656 869 2700 non
904 2653 1105 2718 vagos
1143 2637 1399 2699 tantum
1434 2633 1661 2716 procul
1697 2655 1737 2698 a
1772 2634 2004 2698 castris
2042 2634 2361 2718 lignatum

350 2724 854 2807 pabulatumque
909 2742 1288 2806 progressos
1336 2721 1684 2805 exciperet,
1739 2721 1849 2785 sed
1895 2722 2054 2804 ipsis
2102 2721 2359 2803 obequi-

350 2813 525 2875 taret
564 2811 816 2876 castris
879 2810 1298 2894 invectusque
1360 2811 1429 2874 in
1493 2809 1736 2874 medias
1798 2829 1986 2890 saepe
2045 2806 2358 2871 stationes

280 2912 314 2960 ὅ
354 2899 569 2964 omnia
638 2897 891 2982 ingenti
962 2899 1248 2962 tumultu
1301 2897 1629 2962 turbaret.
1732 2896 2029 2973 noctibus
2108 2915 2360 2979 quoque

353 2990 544 3070 saepe
590 2987 849 3052 incursu
892 2986 1228 3069 repentino
1274 2986 1344 3050 in
1383 2986 1591 3069 portis
1627 2984 1929 3067 valloque
1967 2968 2363 3067 trepidatum

236 3088 251 3105 “
356 3080 482 3158 est,
533 3096 665 3140 nec·
700 3077 812 3140 aut
855 3073 1035 3139 locus
1083 3077 1196 3138 aut
1240 3077 1494 3156 tempus
1532 3073 1738 3137 ullum
1780 3092 2054 3136 vacuum
2101 3093 2141 3136 a
2184 3075 2364 3136 metu

285 3176 317 3225 6
355 3184 430 3229 ac
466 3161 891 3228 sollicitudine
919 3164 1058 3227 erat
1083 3161 1417 3245 Romanis,
1453 3159 1893 3243 compulsique
1921 3159 2097 3224 intra
2121 3161 2364 3225 vallum

356 3252 656 3335 adempto
692 3271 906 3315 rerum
942 3250 1229 3316 omnium
1268 3271 1434 3314 usu.
1481 3269 1624 3313 cum
1664 3269 1862 3332 prope
1898 3249 2075 3313 iusta
2112 3247 2362 3312 obsidio

355 3345 529 3405 esset
571 3339 979 3423 futuramque
1027 3338 1329 3403 artiorem
1378 3358 1519 3400 eam
1567 3339 1923 3420 appareret,
1970 3335 2027 3400 si
2073 3355 2142 3398 se
2192 3331 2362 3397 Indi—

353 3427 525 3510 bilis,
572 3449 761 3510 quem
809 3448 953 3492 cum
999 3429 1245 3510 septem
1289 3424 1554 3489 milibus
1593 3428 1659 3489 et
1695 3422 2065 3522 quingentis
2105 3418 2362 3485 Suesse-

354 3516 657 3577 tanorum
721 3514 1068 3579 adventare
1132 3514 1310 3578 fama
1375 3516 1541 3596 erat,
1612 3511 1843 3576 Poenis
1908 3501 2368 3595 coniunxisset,
