2654 3913
371 185 501 247 142
570 183 786 238 LIBER
819 183 1014 239 XXVI.
1090 181 1241 237 CAP.
1281 190 1367 238 25.
1444 185 1518 256 [a.
1549 185 1613 239 U.
1646 201 1689 238 c.
1722 191 1842 242 543.
1881 202 1933 239 a.
1963 187 2020 243 C.
2051 188 2180 255 211]

370 329 537 395 tium
582 329 739 394 fines
784 328 939 395 fecit
984 349 1409 413 egressosque
1456 330 1907 413 Apolloniatas
1955 352 2099 396 cum
2149 352 2389 417 magno

299 430 331 477 3
371 421 618 484 terrore
648 439 723 483 ac
748 439 986 501 pavore
1015 417 1327 500 compulit
1362 417 1537 482 intra
1563 439 1800 483 muros.
1872 420 2148 485 vastatis
2177 436 2387 504 proxi-

371 506 494 571 mis
527 505 778 589 Illyrici
814 506 881 570 in
921 505 1343 591 Pelagoniam
1384 506 1606 572 eadem
1642 507 1969 571 celeritate
2006 508 2204 573 vertit
2239 509 2391 594 iter;

369 594 520 659 inde
596 594 1045 659 Dardanorum
1124 594 1352 659 urbem
1426 590 1732 678 Sintiam,
1804 596 1874 659 in
1943 594 2390 661 Macedoniam

299 694 336 741 4
373 682 721 756 transitum
765 682 1085 747 Dardanis
1130 681 1478 764 facturam,
1523 682 1709 767 cepit.
1789 682 1893 749 his
1940 684 2176 768 raptim
2224 685 2387 748 actis

371 793 618 837 memor
669 770 951 836 Aetolici
1004 771 1333 855 iunctique
1392 790 1536 835 cum
1594 791 1669 836 eo
1728 770 2008 838 Romani
2061 772 2217 838 belli
2270 794 2388 855 per

369 858 792 943 Pelagoniam
849 864 915 924 et
968 857 1261 941 Lyncum
1317 862 1384 921 et
1440 855 1810 924 Bottiaeam
1867 860 1937 924 in
1983 860 2386 925 Thessaliam

302 959 334 1005 5
373 946 700 1011 descendit
755 982 839 992 -—
894 946 973 1009 ad
1029 947 1272 1011 bellum
1324 966 1541 1010 secum
1598 946 1902 1013 adversus
1958 948 2232 1015 Aetolos
2288 969 2387 1012 ca·

371 1034 758 1118 pessendum
785 1034 1038 1099 incitari
1077 1055 1268 1118 posse
1295 1034 1591 1099 homines
1621 1035 1925 1101 credebat
1954 1073 2036 1082 —
2066 1041 2134 1101 et
2161 1037 2385 1103 relicto

373 1124 454 1187 ad
499 1122 717 1187 fauces
764 1121 1138 1187 Thessaliae
1182 1121 1419 1187 Perseo
1461 1143 1603 1186 cum
1642 1126 1950 1206 quattuor
1985 1125 2247 1188 milibus
2288 1147 2387 1188 ar-

303 1223 335 1271 6
374 1213 696 1277 matorum
745 1211 827 1276 ad
873 1211 1182 1276 arcendos
1230 1210 1407 1275 aditu
1453 1209 1749 1293 Aetolos,
1798 1211 1961 1295 ipse,
2006 1211 2385 1295 priusquam

373 1298 726 1364 maioribus
793 1303 1215 1384 occuparetur
1276 1298 1495 1383 rebus,
1556 1299 1623 1362 in
1679 1297 2126 1365 Macedoniam
2191 1304 2387 1385 atque

305 1399 335 1447 '1
374 1388 522 1453 inde
548 1389 619 1453 in
647 1388 993 1452 Thraciam
1022 1388 1371 1453 exercitum
1402 1408 1477 1451 ac
1502 1386 1767 1453 Maedos
1796 1388 1995 1453 duxit.
2066 1388 2385 1453 incurrere

375 1499 452 1542 ea
497 1495 657 1561 gens
703 1478 773 1542 in
817 1475 1260 1542 Macedoniam
1309 1475 1504 1540 solita
1549 1480 1714 1558 erat,
1775 1475 1886 1541 ubi
1940 1496 2157 1561 regem
2206 1496 2386 1541 oecu-

373 1569 599 1649 patum
659 1568 921 1629 externo
981 1565 1152 1629 bello
1212 1585 1286 1628 ac
1347 1564 1481 1627 sine
1540 1564 1865 1646 praesidio
1922 1587 2063 1630 esse
2116 1584 2385 1649 regnum

304 1665 335 1713 8
377 1654 705 1719 sensisset.
770 1652 851 1715 ad
897 1651 1286 1734 frangendas
1334 1650 1536 1734 igitur
1578 1653 1737 1715 vires
1780 1656 2037 1717 vastare
2084 1672 2277 1736 agros
2324 1656 2390 1716 et

372 1742 598 1805 urbem
645 1738 1218 1821 Iamphorynnam,
1265 1741 1463 1820 caput
1508 1758 1844 1821 arcemque
1879 1738 2233 1822 Maedicae,
2280 1760 2388 1822 op-

304 1840 335 1887 9
373 1846 662 1911 pugnare
712 1825 947 1908 coepit.
1047 1823 1287 1908 Scopas
1344 1824 1454 1887 ubi
1513 1824 1869 1907 profectum
1925 1826 1989 1889 in
2046 1826 2385 1890 Thraciam

371 1935 591 1999 regem
638 1917 1147 1999 occupatumque
1200 1913 1295 1981 ibi
1349 1912 1523 1978 bello
1580 1912 1852 1998 audivit,
1906 1917 2156 1980 armata
2211 1917 2387 1982 omni

373 2006 703 2071 iuventute
739 2003 1124 2068 Aetolorum
1170 2002 1418 2068 bellum
1462 2002 1698 2069 inferre
1735 2003 2135 2070 Acarnaniae
2180 2008 2387 2087 parat.

271 2105 337 2153 10
376 2094 681 2160 adversus
739 2114 899 2177 quos
945 2092 1359 2157 Acarnanum
1418 2112 1605 2177 gens,
1660 2095 1724 2156 et
1777 2093 2022 2158 viribus
2069 2093 2278 2177 impar
2323 2099 2389 2156 et

374 2184 506 2247 iam
561 2181 877 2246 Oeniadas
931 2180 1308 2264 Nasumque
1368 2181 1605 2245 amissa
1661 2201 1927 2245 cernens
1972 2181 2387 2264 Romanaque

373 2271 638 2349 insuper
685 2289 864 2331 arma
908 2267 1234 2349 ingruere,
1288 2268 1388 2331 ira
1428 2268 1645 2349 ‚magis
1691 2268 1957 2331 instruit
2003 2289 2196 2350 quam
2241 2290 2386 2333 con·

270 2367 334 2413 11
375 2354 520 2418 silio
550 2354 813 2416 bellum.
886 2354 1268 2436 coniugibus
1306 2352 1658 2436 liberisque
1695 2357 1762 2417 et
1797 2354 2159 2418 senioribus
2197 2375 2388 2438 super

373 2441 710 2524 sexaginta
774 2461 973 2504 annos
1036 2440 1107 2503 in
1169 2439 1596 2523 propinquam
1656 2439 1929 2524 Epirum
1992 2441 2241 2526 missis,
2304 2444 2385 2507 ab

376 2528 735 2615 quindecim
783 2529 864 2594 ad
909 2529 1249 2614 sexaginta
1295 2548 1497 2593 annos
1557 2529 1895 2594 coniurant
1938 2529 2066 2596 nisi
2111 2531 2387 2597 victores

271 2631 336 2678 12
377 2641 445 2684 se
490 2640 624 2684 non
668 2617 1016 2684 redituros:
1075 2617 1184 2700 qui
1229 2616 1438 2682 victus
1485 2616 1621 2682 acie
1667 2618 2073 2702 excessisset,
2119 2640 2263 2683 eum
2305 2641 2389 2683 ne

377 2709 524 2792 quis
570 2705 754 2791 urbe,
797 2711 970 2772 tecto
983 2757 1000 2790 ,
1046 2728 1294 2788 mensa,
1339 2707 1477 2770 lare
1512 2706 1857 2790 reciperet,
1894 2707 2097 2771 diram
2138 2728 2386 2772 execra-

373 2797 620 2861 tionem
657 2797 725 2859 in
760 2795 1123 2879 popularis,
1150 2793 1653 2859 obtestationem
1689 2815 1880 2877 quam
1912 2795 2386 2860 sanctissimam

272 2897 336 2943 13
374 2887 726 2968 potuerunt
782 2884 1084 2947 adversus
1129 2882 1421 2966 hospites
1477 2886 1976 2965 composuerunt
2018 2883 2389 2968 precatique

378 2973 573 3036 simul
617 2971 926 3054 Epirotas
975 2973 1150 3052 sunt,
1196 2973 1295 3053 ut,
1350 2969 1460 3053 qui
1507 2992 1771 3035 suorum
1825 2971 1893 3034 in
1950 2970 2084 3036 acie
2132 2971 2389 3036 cecidis-

378 3062 547 3143 sent,
585 3079 695 3122 eos
733 3079 860 3121 uno
899 3058 1151 3122 tumulo
1182 3059 1600 3140 contegerent
1625 3057 2076 3144 adicerentque
2104 3060 2389 3125 humatis

273 3160 338 3208 14
376 3148 666 3213 titulum:
713 3143 878 3210 “hic
923 3145 1031 3210 siti
1078 3149 1230 3209 sunt
1273 3142 1674 3228 Acarnanes,
1730 3146 1841 3229 qui
1900 3147 2205 3214 adversus
2258 3148 2390 3214 vim

377 3240 571 3322 atque
615 3232 920 3298 iniuriam
967 3233 1347 3298 Aetolorum
1393 3254 1512 3316 pro
1558 3233 1771 3317 patria
1815 3239 2177 3318 pugnantes
2222 3257 2391 3300 mor-

272 3335 339 3382 15
378 3329 512 3390 tem
567 3320 1075 3389 occubuerunt.''
1164 3342 1280 3405 per
1332 3318 1496 3385 haec
1546 3320 1834 3386 incitatis
1890 3323 2123 3387 animis
2177 3325 2390 3387 castra

375 3412 445 3474 in
484 3411 784 3476 extremis
822 3410 1058 3476 finibus
1094 3409 1229 3474 suis
1268 3408 1460 3475 obvia
1493 3406 1671 3475 hosti
1706 3414 2077 3494 posuerunt.
2145 3409 2391 3474 nuntiis

378 3495 458 3557 ad
507 3495 876 3581 Philippum
925 3497 1170 3581 missis,
1224 3500 1466 3582 quanto
1512 3518 1614 3562 res
1666 3497 1735 3562 in
1791 3495 2157 3564 discrimine
2204 3504 2392 3584 esset,
