2654 3913
587 220 801 275 LIBER
835 219 1031 275 XXVI.
1106 220 1257 275 CAP.
1298 226 1383 277 22.
1421 226 1505 275 23.
1583 220 1654 290 [a.
1696 219 1753 275 C.
1792 224 1921 293 211]
2132 225 2255 290 139

243 365 598 432 sententiae
638 366 1018 450 eosdemque
1057 364 1354 479 οοιιειιΙθε
1392 364 1677 430 dicturos
1715 386 1881 450 esse,
1925 368 2067 430 tum
2104 365 2258 431 Tor·
2296 379 2328 428 9

243 453 550 539 quatus“
561 475 768 538 neque
798 474 919 537 ego
948 451 1256 518 vestros”
1289 452 1571 536 inquit“
1584 474 1796 518 mores
1834 453 2059 518 consul
2092 452 2260 520 ferre

241 546 498 627 potero,
541 564 748 626 neque
794 564 910 607 vos
955 540 1299 625 imperium
1351 562 1584 605 meum.
1572 521 1877 606 re‘dite
1921 541 1990 604 in
2037 541 2259 606 suffra-

242 631 421 715 gium
469 634 534 695 et
580 630 864 714 cogitate
905 629 1150 695 bellum
1185 628 1501 694 Punicum
1535 630 1607 694 in
1641 628 1838 694 Italia
1874 633 1940 693 et
1974 628 2262 694 hostium

242 721 468 785 ducem
504 717 940 785 Hannibalem
979 717 1157 783 esse?
1137 715 1183 744 ''
1253 720 1395 781 tum
1442 718 1734 783 centuria
1770 722 1837 782 et
1873 717 2260 783 auctoritate
2303 728 2368 777 ιο

243 810 421 873 mota
467 807 590 871 viri
636 810 704 871 et
748 805 1209 871 admirantium
1264 805 1435 870 circa
1479 804 1742 870 fremitu
1795 806 1987 888 petiit
2031 827 2071 870 a
2116 827 2262 870 con·

243 896 411 979 sule,
467 898 541 959 ut
591 892 938 960 Voturiam
990 894 1317 959 seniorum
1378 894 1633 959 citaret:
1697 893 1864 958 velle
1920 915 2061 959 sese
2116 915 2259 959 cum
2302 904 2362 952 11

243 982 598 1048 maioribus
643 986 801 1047 natu
848 982 1148 1066 conloqui
1195 987 1260 1048 et
1305 1003 1384 1046 ex
1429 982 1813 1048 auctoritate
1850 1004 2071 1048 eorum
2118 1004 2261 1049 con-

243 1072 419 1137 sules
452 1070 679 1137 dicere.
747 1070 968 1136 citatis
1000 1069 1312 1136 Voturiae
1350 1070 1711 1136 senioribus
1751 1071 1976 1136 datum
2013 1075 2260 1136 secreto

242 1160 311 1224 in
339 1158 514 1225 Ovili
542 1181 689 1225 cum
715 1159 797 1223 iis
826 1158 1256 1243 conloquendi
1283 1161 1556 1242 tempus.
1627 1159 1914 1224 seniores
1945 1159 2022 1223 de
2049 1160 2260 1224 tribus
2303 1170 2366 1216 12

170 1311 174 1315 .
243 1247 702 1313 consulendum
750 1247 1050 1312 dixerunt
1106 1269 1274 1330 esse,
1327 1246 1576 1312 duobus
1630 1246 1838 1329 plenis
1886 1248 2017 1311 iam
2061 1247 2261 1313 hono·

244 1358 416 1419 rum,
473 1335 547 1412 Q.
593 1334 798 1400 Fabio
855 1339 922 1400 et
975 1334 1063 1398 M.
1108 1334 1444 1415 Marcello,
1490 1336 1580 1416 et,
1636 1334 1693 1397 si
1747 1335 1967 1416 utique
2022 1355 2262 1398 novum

245 1424 530 1506 aliquem
576 1421 884 1488 adversus
929 1420 1183 1486 Poenos
1230 1421 1562 1486 consulem
1608 1421 1814 1486 creari
1863 1421 2130 1504 vellent,
2177 1420 2262 1485 M.

242 1510 504 1576 Valerio
560 1509 871 1575 Laevino:
935 1509 1194 1594 egregie
1253 1509 1558 1573 adversus
1615 1507 1991 1592 Philippum
2042 1528 2264 1593 regem

244 1603 420 1663 terra
464 1597 756 1681 marique
810 1619 947 1662 rem
997 1597 1295 1682 gessisse.
1385 1597 1480 1661 ita
1537 1596 1614 1661 de
1669 1597 1880 1661 tribus
1936 1597 2264 1663 consulta-
2304 1608 2369 1657 13

245 1687 421 1752 tione
472 1686 626 1751 data
673 1685 1032 1750 senioribus
1080 1684 1366 1752 dimissis
1412 1684 1694 1751 iuniores
1743 1684 2125 1769 suffragium
2170 1685 2263 1749 in·

246 1779 417 1856 eunt.
489 1773 576 1839 M.
616 1772 1052 1855 [Marcellum]
1092 1770 1432 1838 Claudium
1466 1771 1829 1859 fulgentem
1865 1776 2004 1837 tum
2044 1771 2268 1839 Sicilia

246 1863 492 1928 domita
558 1868 624 1928 et
686 1861 773 1927 M.
827 1861 1164 1927 Valerium
1236 1862 1525 1927 absentis
1592 1862 1888 1927 consules
1954 1859 2300 1927 dixerunt.''

245 1952 702 2019 auctoritatem
766 1950 1257 2036 praerogativae
1329 1972 1549 2016 omnes
1616 1949 1941 2015 centuriae
2007 1955 2263 2015 secutae

247 2043 413 2105 sunt.
515 2038 780 2103 eludant
834 2059 1004 2104 nunc
1059 2038 1327 2121 antiqua
1383 2038 1707 2102 mirantis:
1762 2058 1897 2102 non
1953 2038 2264 2121 equidem,
2306 2049 2370 2096 14

249 2129 304 2193 si
334 2148 463 2211 qua
491 2126 579 2191 sit
606 2126 994 2210 sapientium
1028 2126 1284 2209 civitaS,
1321 2146 1515 2227 quam
1552 2125 1725 2189 docti
1764 2126 2016 2210 fingunt
2054 2126 2264 2209 magis

248 2238 442 2301 quam
487 2218 752 2297 norunt,
798 2217 910 2279 aut
954 2214 1275 2298 principes
1320 2213 1655 2297 graviores
1702 2213 2264 2297 temperantiores-

248 2326 369 2388 que
415 2327 456 2369 a
499 2303 793 2389 cupidine
847 2302 1105 2386 imperii
1161 2306 1274 2369 aut
1318 2301 1802 2367 multitudinem
1857 2301 2084 2405 melius
2130 2322 2266 2366 mo·

247 2397 458 2479 ratam
506 2413 803 2458 censeam
840 2391 1003 2475 fieri
1080 2412 1250 2494 osse.
1342 2391 1699 2456 centuriam
1744 2411 1896 2456 vero
1942 2386 2265 2456 iuniorum
2307 2399 2372 2448 15

248 2482 533 2546 seniores
581 2481 913 2545 consulere
950 2501 1028 2543 vo
1060 2476 1257 2561 uisse,
1296 2480 1530 2562 quibus
1578 2479 1919 2562 imperium
1960 2479 2266 2564 suffragio

250 2568 609 2649 mandaret,
668 2566 776 2630 vix
831 2569 905 2630 ut
956 2568 1096 2631 veri
1150 2566 1359 2631 simile
1422 2567 1533 2647 sit,
1591 2566 1958 2648 parentium
2017 2588 2268 2651 quoque

247 2657 372 2722 hoc
419 2616 675 2720 saecu'lo
712 2652 859 2718 vilis
896 2653 1183 2736 levisque
1222 2653 1391 2735 apud
1428 2652 1670 2716 liberos
1708 2653 2060 2716 auctoritas
2098 2652 2270 2717 fecit.

249 2742 487 2808 XXIII.
533 2741 870 2807 Praetoria
897 2739 1043 2805 inde
1072 2739 1336 2806 comitia
1362 2739 1608 2803 habita.
1655 2739 1724 2802 P.
1754 2738 2032 2804 Manlius
2061 2738 2267 2804 Vulso
2310 2753 2338 2799 1

252 2836 318 2896 et
361 2831 433 2895 L.
478 2830 760 2895 Manlius
807 2827 1118 2894 Acidinus
1168 2830 1235 2892 et
1280 2824 1349 2892 G.
1396 2826 1735 2892 Laetorius
1785 2832 1849 2892 et
1893 2824 1964 2892 L.
2012 2825 2270 2893 Cincius

250 2918 622 2983 Alimentus
685 2918 885 2983 creati
932 2919 1104 2982 sunt.
1190 2914 1359 2978 forte
1410 2914 1505 2979 ita
1559 2914 1814 2999 incidit,
1868 2918 1943 2980 ut
1987 2916 2268 2980 comitiis
2308 2916 2366 2976 a

251 3004 556 3089 perfectis
609 3006 1019 3070 nuntiaretur
1079 3002 1153 3068 T.
1209 3001 1587 3087 Otacilium,
1641 3022 1830 3085 quem
1884 3002 1957 3067 T.
2011 3003 2272 3087 Manli0,

251 3093 381 3157 nisi
420 3092 873 3175 interpellatus
913 3091 1067 3158 ordo
1104 3091 1516 3156 comitiorum
1555 3095 1750 3175 esset,
1788 3091 2126 3175 conlegam
2164 3091 2272 3156 ab·

252 3183 504 3246 sentem
551 3179 819 3245 daturus
856 3179 1058 3246 fuisse
1101 3180 1441 3244 videbatur
1482 3178 1793 3264 populus,
1841 3183 2167 3244 mortuum
2204 3179 2274 3243 in

251 3267 475 3334 Sicilia
513 3289 671 3333 esse.
706 3303 782 3315 -
813 3266 980 3333 Ludi
1009 3268 1419 3350 Apollinares
1458 3271 1522 3330 et
1557 3267 1772 3349 priore
1811 3287 1978 3332 anno
2013 3266 2274 3333 fuerant
2311 3277 2343 3326 ³

252 3361 345 3440 et,
392 3377 467 3421 eo
515 3377 685 3421 anno
740 3361 816 3421 ut
877 3356 1132 3439 fierent,
1184 3355 1500 3420 referente
1556 3352 1903 3437 Calpurnio
1960 3356 2274 3438 praetore,

253 3449 515 3511 senatus
546 3444 847 3528 decrevit,
875 3449 951 3510 ut
976 3445 1045 3509 in
1072 3446 1459 3527 perpetuum
1484 3444 1888 3509 voverentur.
1916 3478 1992 3488 —
2024 3441 2272 3509 Eodem
2311 3454 2346 3502 4

254 3549 424 3600 anno
472 3533 772 3619 prodigia
820 3532 1071 3619 aliquot
1116 3532 1256 3597 visa
1299 3531 1723 3616 nuntiataque
1772 3534 1941 3597 sunt.
2005 3530 2073 3596 in
2120 3532 2274 3598 aede
