2654 3913
355 165 487 229 120
691 162 906 216 LmER
941 161 1135 217 XXVI.
1211 161 1362 219 cAP.
1403 168 1449 216 -ι,
1489 166 1540 215 s.
1617 162 1692 232 [a
1731 162 1795 216 U.
1835 178 1881 217 ο.
1921 164 2049 234 543]

357 309 568 392 specie
602 306 981 391 transfugae
1017 309 1232 371 castra
1258 306 1557 371 Romana
1582 305 1913 390 ingressus
1941 307 2152 371 altera
2186 311 2372 391 parte

282 409 317 458 *ι
358 397 526 462 clam
560 393 849 479 Capuam
884 394 1212 479 pervadat.
1291 394 1556 460 litterae
1592 398 1810 459 autem
1846 398 2034 459 erant
2070 395 2371 461 adhorta-

356 485 536 550 tione
581 485 838 567 plenae:
891 482 1359 567 profectionem
1405 504 1617 563 suam,
1674 503 1837 565 quae
1884 483 2190 548 salutaris
2236 485 2372 549 illis

355 571 555 656 foret,
612 573 1084 637 abstracturam
1144 570 1225 635 ad
1279 570 1744 635 defendendam
1796 569 2073 635 Romam
2125 572 2206 635 ab
2264 594 2376 655 op·

283 759 321 809 ε
354 658 1815 832 ἕὲἔὲἒέἒὲθῖῗᾞῃῗὲἕῗἶοῗέἓὲἕᾱῗὲἒῖζὲἓέ
1852 657 2234 812 ἓίἲῗὲἵέᾧ
2270 681 2372 812 ἐὲῗ

282 837 609 900 91ι11ιυτοε
666 835 1088 900 obsidionem.
1179 834 1332 898 inde
1385 835 1571 899 navis
1626 836 1693 897 in
1746 835 2007 900 flumine
2051 833 2370 901 Vulturno

356 922 829 1005 conprehensas
858 922 1073 1004 subigi
1101 921 1184 984 ad
1210 921 1296 1004 id,
1325 922 1494 1004 quod
1521 922 1653 985 iam
1672 926 1822 987 ante
1840 923 2147 1005 praesidii
2179 945 2375 989 causa

250 1022 319 1069 ιο
354 1010 626 1093 fecerat,
671 1009 1010 1074 castellum
1055 1009 1264 1072 iussit.
1347 1029 1617 1091 quarum
1662 1008 1775 1072 ubi
1818 1014 2075 1075 tantam
2121 1012 2376 1097 copiam

357 1117 523 1180 esse,
567 1099 643 1162 ut
686 1118 817 1160 una
850 1101 1041 1160 nocte
1077 1095 1268 1160 traici
1302 1098 1527 1181 posset
1563 1095 1908 1178 exercituo,
1947 1098 2220 1163 allatum
2258 1105 2377 1182 est,

357 1184 615 1272 cibariis
673 1183 1194 1271 decemffldiggum
1247 1183 1651 1267 praeparatis
1704 1182 2010 1249 deductas
2056 1190 2245 1251 nocte
2292 1188 2376 1251 ad

345 1264 954 1356 'fluuium⁸*le”g‘io'fies
1001 1275 1151 1336 ante
1196 1272 1408 1336 lucem
1452 1270 1728 1336 traiecit.

284 1373 316 1421 1
534 1360 713 1427 VIIL
758 1360 834 1425 Id
877 1360 1253 1444 priusquam
1289 1360 1501 1444 fieret,
1536 1360 1632 1424 ita
1665 1358 1957 1424 futurum
1994 1363 2374 1445 conpertum

360 1472 437 1515 ex
497 1449 857 1534 transfugis
920 1449 1186 1514 Fulvius
1243 1448 1510 1513 Flaccus
1576 1447 1826 1513 senatui
1888 1447 2166 1514 Romam
2228 1470 2374 1515 cum

359 1538 749 1623 scripsisset,
785 1538 961 1603 varie
999 1537 1200 1602 animi
1234 1537 1573 1602 hominum
1609 1558 1729 1620 pro
1770 1536 2074 1622 cuiusque
2111 1538 2373 1622 ingenio

285 1639 320 1685 2
360 1626 598 1692 adfecti
645 1629 812 1691 sunt.
902 1628 976 1704 ut
1028 1625 1098 1689 in
1153 1645 1222 1688 re
1272 1629 1410 1689 tam
1455 1624 1711 1706 trepida
1765 1628 1995 1689 senatu
2051 1626 2371 1709 extemplo

355 1717 583 1778 vocato
628 1714 699 1776 P.
728 1705 1093 1792 Corneliae,
1132 1712 1234 1774 cui
1269 1710 1512 1774 Asinae
1550 1730 1910 1793 cognomen
1948 1714 2113 1793 erat,
2152 1734 2373 1777 omnes

145 1828 184 1859 s
357 1800 550 1864 duces
600 1800 1042 1881 exercitusque
1089 1820 1168 1861 ex
1213 1800 1355 1862 tota
1390 1795 1586 1861 Italia
1621 1817 1829 1880 neque
1867 1794 2129 1881 Capuae
2164 1809 2373 1882 neque

354 1886 551 1950 ullius
607 1886 874 1951 alterius
929 1885 1023 1949 rei
1077 1907 1324 1951 memor
1386 1885 1469 1949 ad
1522 1884 1701 1949 urbis
1755 1885 2147 1970 praesidium
2193 1907 2374 1952 revo-

258 1989 320 2055 ½3
357 1964 593 2059 cabat33
620 1974 858 2040 Fabius
897 1974 1219 2039 Maximus
1258 1973 1518 2039 abscedi
1564 1996 1603 2038 a
1640 1971 1865 2057 Capua
1906 1976 2263 2060 terrerique
2310 1981 2376 2040 et

358 2064 712 2148 circumagi
749 2064 830 2129 ad
865 2067 1058 2128 nutus
1088 2063 1746 2146 comminationesque
1773 2061 2166 2129 Hannibalis
2194 2065 2374 2149 flagi-

286 2165 322 2213 4
359 2154 599 2217 tiosum
644 2153 947 2217 ducebat:
1008 2152 1117 2235 qui
1173 2152 1255 2216 ad
1300 2149 1555 2216 Cannas
1608 2151 1817 2216 victor
1870 2152 1966 2216 ire
2018 2157 2241 2217 tamen
2295 2153 2376 2217 ad

357 2240 583 2303 urbem
630 2261 824 2304 ausus
869 2261 1001 2304 non
1047 2244 1247 2322 esset,
1291 2261 1441 2303 eum
1485 2261 1527 2304 a
1562 2236 1785 2321 Capua
1821 2240 2150 2322 repulsum
2194 2262 2376 2323 spem

285 2339 319 2386 5
356 2325 707 2408 potiundae
754 2326 934 2390 urbis
979 2326 1226 2391 Romae
1272 2327 1551 2408 cepisse!
1638 2347 1772 2389 non
1818 2327 1898 2389 ad
1943 2326 2221 2390 Romam
2267 2329 2377 2391 ob-

309 2422 316 2429 ’
357 2411 720 2495 sidendam,
776 2412 886 2477 sed
932 2411 1014 2476 ad
1059 2410 1316 2495 Capuae
1371 2413 1771 2476 liberandam
1816 2412 2220 2478 obsidionem
2264 2415 2377 2480 ire.

355 2500 635 2565 Romam
679 2522 825 2566 cum
872 2520 947 2564 eo
994 2500 1305 2583 exercitu,
1357 2501 1469 2583 qui
1514 2500 1596 2565 ad
1640 2499 1867 2565 urbem
1913 2504 2112 2586 esset,
2155 2501 2378 2567 Iovem

357 2588 688 2654 foederum
722 2592 1064 2672 ruptorum
1100 2589 1182 2654 ab
1219 2587 1590 2652 Hannibale
1625 2590 1859 2654 testem
1897 2588 2176 2673 deosque
2212 2591 2376 2655 alios

283 2693 320 2740 6
361 2677 738 2744 defensuros
796 2698 954 2743 esse.
1041 2677 1160 2742 has
1216 2676 1503 2742 diversas
1559 2677 1916 2743 sententias
1973 2679 2186 2741 media
2240 2700 2378 2741 sen-

357 2767 567 2831 tentia
612 2766 682 2831 P.
715 2766 966 2832 Valerii
1001 2764 1217 2830 Flacci
1256 2766 1437 2849 vicit,
1484 2765 1594 2849 qui
1629 2766 1964 2849 utriusque
2001 2766 2095 2829 rei
2131 2786 2380 2830 memor

358 2855 886 2939 imperatoribus,
920 2855 1030 2938 qui
1066 2854 1145 2918 ad
1185 2852 1479 2936 Capuam
1513 2857 1756 2936 essent,
1795 2851 2201 2918 scribendum
2237 2875 2380 2919 cen-

358 2944 520 3026 suit,
575 2942 728 3024 quid
785 2942 867 3005 ad
927 2942 1151 3006 urbem
1205 2940 1512 3024 praesidii
1569 2944 1769 3025 esset3
1830 2943 2108 3024 quantas
2165 2945 2381 3007 autem

360 3027 692 3092 Hannibal
745 3029 967 3112 copias
1022 3028 1285 3093 duceret
1343 3032 1454 3093 aut
1507 3032 1749 3112 quanto
1798 3029 2082 3094 exercitu
2138 3030 2221 3094 ad
2265 3028 2383 3097 Ca·

289 3128 320 3178 '1
359 3137 555 3202 puam
585 3115 1005 3181 obsidendam
1034 3138 1195 3200 opus
1225 3121 1426 3198 esset,
1453 3115 1630 3199 ipsos
1661 3116 1846 3182 scire.
1899 3118 1957 3181 si
1983 3117 2082 3181 ita
2107 3117 2384 3183 Romam

362 3227 397 3271 e
443 3204 714 3270 ducibus
763 3205 928 3269 alter
974 3206 1042 3269 et
1087 3204 1404 3269 exercitus
1459 3226 1611 3285 pars
1655 3205 1833 3269 mitti
1878 3209 2128 3290 posset,
2182 3209 2258 3270 ut
2301 3204 2383 3269 ab

360 3295 610 3378 reliquo
667 3297 735 3358 et
789 3293 949 3358 duce
1009 3297 1077 3357 et
1131 3291 1417 3356 exercitu
1464 3287 1687 3374 Capua
1740 3295 1916 3356 recte
1963 3292 2385 3374 obsideretur,

290 3390 325 3437 8
362 3382 534 3447 inter
581 3404 649 3447 sc
706 3383 1158 3466 compararent
1202 3377 1514 3445 Claudius
1560 3378 1978 3463 Fulviusque,
2031 3380 2162 3444 utri
2215 3378 2385 3443 obsi-

364 3466 572 3531 denda
619 3465 870 3553 Capua,
914 3469 1046 3533 utri
1096 3468 1176 3543 ad
1217 3466 1691 3550 prohibendam
1731 3467 2066 3533 obsidione
2103 3466 2389 3550 patriam
