2654 3913
366 186 493 250 156
658 184 875 239 LIBER
909 184 1103 240 XXVI.
1178 184 1329 242 CAP.
1370 192 1453 240 37.
1496 192 1581 241 38.
1658 186 1733 257 [a.
1775 185 1836 242 U.
1876 202 1921 240 c.
1962 187 2087 257 544]

293 341 325 390 6
364 330 570 396 manis
614 329 960 412 imperium
1007 329 1291 394 orientis.
1369 327 1937 415 Carthaginienses
1975 351 2227 415 quoque
2265 329 2384 398 Oa-

363 440 528 503 puae
576 419 850 483 amissae
899 417 1249 482 Tarentum
1306 420 1566 500 captum
1616 419 2005 504 aequabant,
2061 422 2128 485 et
2181 423 2267 485 ut*
2302 420 2385 484 ad

363 507 620 573 moenia
662 506 842 572 urbis
879 505 1213 571 Romanae
1259 506 1441 570 nullo
1479 507 1863 590 prohibente
1910 528 1977 572 se
2018 507 2387 592 pervenisse

363 597 433 661 in
479 596 691 681 gloria
735 596 1090 680 ponebant,
1135 595 1231 659 ita
1274 593 1546 679 pigebat
1579 595 1765 660 inriti
1800 596 2042 682 incepti
2076 595 2387 679 pudebat-

296 696 325 742 ’1
366 707 488 768 que
535 684 692 749 adeo
740 704 810 749 se
856 687 1135 768 spretoS,
1191 686 1265 747 ut
1310 682 1682 748 sedentibus
1739 683 1900 767 ipsis
1959 684 2041 748 ad
2085 682 2385 749 Romana

366 774 622 838 moenia
676 772 808 838 alia
868 774 1058 856 porta
1113 771 1428 836 exercitus
1484 770 1818 837 Romanus
1875 772 1945 836 in
1997 771 2385 856 Hispaniam

294 872 325 920 8
364 861 716 925 duceretur.
789 860 969 944 ipsae
1009 879 1263 944 quoque
1299 858 1683 944 Hispaniae,
1730 881 1856 944 quo
1893 861 2158 945 propius
2204 881 2386 962 spem

363 951 676 1012 venerant
728 947 929 1011 tantis
987 945 1235 1011 duobus
1290 947 1556 1011 ducibus
1614 948 2126 1033 exercitibusque
2182 949 2385 1014 caesis

365 1035 759 1100 debellatum
804 1034 899 1098 ibi
945 1054 1020 1098 ac
1062 1034 1287 1116 pulsos
1333 1033 1483 1097 inde
1529 1033 1854 1100 Romanos
1902 1056 2070 1119 esse,
2117 1059 2193 1102 eo
2239 1037 2387 1121 plus

365 1122 447 1188 ab
493 1122 564 1186 L.
594 1120 857 1205 Marci0‚
901 1121 1329 1186 tumultuario
1377 1121 1553 1205 duce,
1600 1121 1681 1186 ad
1718 1144 1957 1188 vanum
2006 1128 2073 1187 et
2117 1125 2387 1189 inritum

294 1223 327 1272 9
365 1210 707 1276 victoriam
744 1210 1072 1275 redactam
1111 1230 1251 1274 esse
1287 1208 1760 1295 indignationis
1797 1210 2216 1294 praebebant.
2290 1213 2388 1277 ita

367 1301 682 1385 aequante
734 1299 1001 1365 fortuna
1056 1318 1371 1382 suspensa
1426 1298 1645 1364 omnia
1702 1299 1991 1383 utrisque
2049 1301 2236 1364 erant
2289 1300 2388 1363 in-

366 1392 553 1473 tegra
598 1410 736 1474 spe,
791 1388 1048 1473 integro
1105 1390 1310 1472 metu,
1366 1386 1546 1452 velut
1599 1386 1716 1452 illo
1765 1392 2057 1471 tempore
2101 1388 2385 1474 primum

363 1477 610 1543 bellum
657 1477 1032 1559 inciperent.

299 1578 326 1625 1
542 1564 904 1631 XXXVIII.
949 1563 1388 1628 Hannibalem
1431 1566 1581 1628 ante
1620 1565 1837 1629 omnia
1874 1564 2182 1650 angebat,
2218 1563 2388 1649 quod

369 1652 591 1738 Capua
644 1653 1038 1737 pertinacius
1094 1655 1476 1735 oppugnata
1532 1652 1612 1716 ab
1667 1651 1981 1717 Romanis
2037 1674 2230 1735 quam
2286 1652 2389 1718 de-

366 1741 550 1806 fensa
595 1741 677 1804 ab
727 1761 796 1804 se
840 1739 1194 1803 multorum
1230 1737 1463 1803 Italiae
1499 1739 1885 1823 populorum
1922 1739 2173 1804 animos
2212 1761 2387 1805 aver-

295 1840 329 1888 2
367 1832 562 1912 terat,
609 1847 769 1912 quos
823 1848 1029 1911 neque
1077 1826 1286 1891 omnis
1341 1829 1561 1890 tenere
1606 1826 1972 1909 praesidiis,
2015 1828 2142 1892 nisi
2188 1828 2387 1892 vellet

366 1917 435 1983 in
488 1916 728 1982 multas
782 1936 1143 2003 parvasque
1195 1914 1399 1998 partis
1455 1935 1716 2001 carpere
1775 1914 2155 2002 exercitum,
2215 1917 2387 2001 quod

368 2006 633 2072 minime
679 2007 822 2070 tum
870 2003 1276 2089 expediebat,
1320 2007 1607 2090 poterat,
1650 2025 1770 2071 nec
1811 2003 2098 2070 deductis
2145 2007 2387 2090 praesi-

369 2095 493 2161 diis
540 2117 569 2160 s
572 2095 695 2180 pei
704 2093 994 2171 ⁴liberam
1038 2093 1144 2158 vel
1192 2092 1537 2197 obnoxiam
1582 2093 1806 2158 timori
1844 2093 2163 2159 sociorum
2200 2095 2386 2159 relin-

297 2196 329 2243 3
373 2205 565 2269 quere
572 2118 828 2246 p.fidem
924 2203 1234 2264 praeceps
1292 2180 1364 2244 in
1362 2171 1761 2246 avaritiam
1816 2184 1883 2246 et
1936 2181 2388 2248 crudelitatem

371 2272 624 2335 animus
673 2270 756 2332 ad
802 2269 1165 2352 spolianda,
1212 2289 1376 2350 quae
1421 2269 1591 2332 tueri
1626 2289 1707 2332 ne
1712 2267 1965 2353 quibat,
2012 2272 2084 2333 ut
2126 2274 2390 2335 vastata

299 2368 332 2416 4
368 2357 545 2422 hosti
589 2355 1127 2438 relinquerentur,
1181 2354 1539 2419 inclinavit.
1627 2354 1694 2418 id
1712 2291 1996 2419 qfoedum
2042 2356 2388 2423 consilium

370 2467 517 2510 cum
570 2445 855 2526 incept0,
907 2445 1049 2508 tum
1103 2441 1302 2506 etiam
1357 2441 1534 2506 exitu
1591 2441 1732 2506 fuit.
1820 2464 2026 2527 neque
2074 2444 2245 2509 enim
2290 2446 2387 2510 in·

372 2535 569 2618 digna
603 2531 993 2618 patientium
1021 2529 1213 2596 modo
1242 2529 1779 2596 abalienabantur
1816 2531 2046 2616 animi,
2078 2533 2190 2598 sed
2218 2536 2388 2599 cete·

370 2645 588 2689 rorum
625 2621 851 2687 etiam.
888 2619 1124 2705 quippe
1163 2619 1242 2683 ad
1274 2619 1481 2701 pluris
1520 2620 1880 2703 exemplum
1920 2642 2113 2704 quam
2150 2623 2388 2688 malum

303 2725 331 2769 -5
371 2711 753 2797 pertinebat.
842 2729 960 2775 nec
1007 2706 1237 2774 consul
1280 2707 1613 2773 Romanus
1657 2709 2051 2792 temptandis
2101 2710 2387 2794 urbibus,

303 2813 334 2859 6
374 2800 635 2865 sicunde
682 2820 830 2883 spes
887 2796 1109 2880 aliqua
1163 2817 1231 2861 se
1287 2796 1701 2881 ostendisset,
1756 2796 1995 2863 deerat.
2087 2795 2388 2882 Salapiae

371 2889 693 2990 principes
749 2889 937 2951 erant
982 2884 1217 2950 Dasius
1274 2889 1343 2949 et
1386 2883 1696 2970 Blattius;
1751 2884 1987 2950 Dasius
2031 2884 2388 2952 Hannibali

373 2976 643 3057 amicuS,
688 2974 1002 3055 Blattius,
1047 2975 1364 3056 quantum
1417 2995 1494 3039 ex
1549 2977 1694 3039 tuto
1737 2976 2021 3058 poterat,
2075 2995 2214 3039 rem
2258 2974 2388 3041 Ro-

372 3083 633 3127 manam
698 3061 963 3126 fovebat
1026 3064 1092 3124 et
1152 3082 1268 3144 per
1325 3062 1614 3126 occultos
1667 3062 1932 3128 nuntios
1992 3084 2176 3145 spem
2237 3086 2389 3148 pro-

371 3150 634 3216 ditionis
680 3149 923 3214 fecerat
966 3146 1292 3214 Marcello.
1365 3148 1477 3214 sed
1523 3149 1659 3215 sine
1706 3149 1998 3216 adiutore
2034 3149 2238 3217 Dasio
2284 3174 2388 3217 res

304 3251 333 3298 ⁷
372 3239 651 3324 transigi
677 3259 810 3303 non
841 3239 1112 3323 poterat.
1184 3237 1463 3302 multum
1502 3259 1576 3302 ac
1604 3238 1711 3302 diu
1740 3241 2106 3324 cunctatus,
2142 3245 2210 3305 et
2244 3244 2384 3305 tum

373 3349 627 3412 quoque
655 3327 866 3411 magis
895 3326 1114 3410 inopia
1142 3326 1398 3391 consilii
1433 3325 1709 3411 potioris
1743 3348 1936 3411 quam
1965 3349 2078 3411 spe
2108 3328 2388 3410 effectuS,

371 3413 644 3479 Dasium
692 3415 1080 3498 appellabat.
1172 3416 1242 3478 at
1287 3414 1423 3498 ille,
1468 3435 1612 3479 cum
1661 3415 1744 3479 ab
1799 3436 1868 3479 re
1915 3436 2201 3498 aversuS,
2246 3417 2388 3480 tum

372 3502 629 3566 aemulo
699 3504 1077 3585 potentatus
1139 3502 1465 3585 inimicuS,
1537 3524 1673 3566 rem
1737 3501 2094 3566 Hannibali
2159 3503 2389 3588 aperit.
