2654 3913
649 208 869 261 Lissa
908 207 1078 297 xxv.
1155 208 1306 263 CAP.
1348 215 1432 263 27.
1513 210 1585 279 [a.
1626 211 1681 264 e.
1721 212 1849 281 212]
2174 212 2256 275 91
2309 207 2313 210 ’

244 372 434 434 opem
460 350 615 415 ferri
642 373 852 435 posse,
884 352 994 416 sed
1023 351 1351 417 Romanos
1381 374 1633 436 quoque
1663 353 1732 416 in
1760 356 1950 435 capta
1980 354 2259 438 quodam

243 439 435 503 modo
490 439 649 504 urbe
703 442 875 524 capi,
939 439 1249 548 perpulit,
1303 444 1381 505 ut
1434 441 1760 506 onerarias
1814 463 2011 506 naves
2068 463 2260 525 quam
2299 455 2329 502 3

242 528 574 609 plurumas
632 529 811 593 omni
859 549 1045 612 copia
1089 529 1301 591 re”1'·”um
1351 532 1618 593 onustas
1665 550 1881 594 secum
1927 528 2263 595 mitterent

245 617 637 699 classemque
713 638 895 682 suam
970 619 1296 700 augerent.
1395 616 1603 705 igitur
1639 621 1920 702 'centum
1982 616 2260 757 triginta
2297 631 2331 701 ξ
2393 689 2397 693 ,

243 704 516 768 navibus
563 704 798 788 longis,
845 703 1274 789 septingentis
1318 705 1631 770 onerariis
1669 728 1747 789 pr
1818 727 1888 769 ec
1966 728 1996 770 s
2034 727 2073 770 a
2165 728 2260 771 ar-

244 791 510 876 thagine
559 793 718 856 satis
765 813 1108 875 prosperos
1156 796 1384 857 ventos
1423 794 1502 857 ad
1539 794 1962 859 traiciendum
1999 794 2068 858 in
2105 791 2261 858 Sici-

242 880 399 944 liam
446 879 695 943 habuit.
766 879 877 944 sed
913 880 1110 944 iidem
1147 882 1324 945 venti
1362 903 1664 965 superare
1702 904 1846 947 eum
1883 881 2259 967 Pachynum

241 967 693 1049 prohibebanta
782 966 1757 1054 Bomilcarisvadyentus„fama
1813 971 2053 1055 primo,
2112 971 2260 1036 dein
2297 981 2327 1029 5

242 1059 503 1138 praeter
550 1076 727 1138 spem
775 1078 957 1121 mora
1000 1078 1145 1122 cum
1193 1058 1499 1141 gaudium
1546 1062 1614 1132 et
1657 1062 1902 1125 metum
1931 1059 2258 1138 mm

241 1143 555 1207 Romanis
577 1142 1124 1229 Syracusanisque
1152 1147 1578 1230 praebuisset,
1596 1141 1915 1230 Epicydes
1945 1151 2257 1232 metuens,
2297 1159 2328 1206 6

242 1252 349 1315 ne,
411 1230 467 1296 si
524 1238 868 1319 pqugetenss
925 1233 1149 1314 iidem,
1209 1234 1319 1316 qui
1378 1239 1519 1298 tum
1579 1235 1914 1318 tenebant,
1972 1235 2055 1299 ab
2112 1240 2260 1300 ortu

244 1320 400 1384 solis
455 1319 612 1383 flare
668 1342 781 1402 per
835 1320 969 1384 dies
1016 1321 1233 1402 plures
1277 1323 1476 1404 venti,
1522 1322 1748 1385 classis
1794 1321 2040 1386 Punica
2085 1323 2259 1385 Afri-

242 1430 383 1472 cam
419 1411 757 1488 repeteret,
793 1407 1041 1471 tradita
1068 1406 1440 1470 Achradina
1477 1407 2062 1472 mercennariorum
2090 1409 2258 1472 mili·
2298 1422 2325 1469 7
2450 1467 2456 1472 .

242 1501 384 1559 tum
458 1493 725 1558 ducibus
800 1493 881 1557 ad
954 1493 1389 1559 Bomilcarem
1459 1495 1742 1580 navigat.
1805 1523 1816 1566 J
1847 1495 2118 1559 classem
2188 1496 2259 1560 in
2296 1509 2329 1557 8
2353 1526 2452 1570 ug.

244 1581 526 1647 statione
582 1602 771 1646 versa
822 1580 893 1645 in
936 1580 1227 1646 Africam
1287 1581 1636 1647 habentem
1684 1568 2259 1667 atqueTmentem
2295 1584 2434 1662 hm
2543 1653 2550 1664 ,Α

241 1671 471 1737 navale
535 1668 883 1755 proelium,
950 1690 1084 1735 non
1141 1673 1276 1735 tam
1338 1672 1507 1756 quod
1567 1671 1779 1755 impar
1839 1670 2086 1736 viribus
2147 1678 2260 1736 aut

242 1779 508 1824 numero
563 1758 821 1824 navium
879 1762 1052 1824 esset
1107 1796 1188 1806 —-
1248 1760 1483 1845 quippe
1542 1760 1739 1826 etiam
1791 1759 2009 1845 plures
2065 1760 2258 1825 habe-

242 1847 359 1912 bat
391 1884 490 1932 —,
533 1869 726 1931 quam
764 1847 935 1932 quod
970 1849 1145 1912 venti
1183 1849 1467 1933 aptiores
1504 1843 2068 1934 Βοωαῃὲὶέξῖιῖὤ
2107 1870 2257 1915 suae

244 1935 439 2001 classi
501 1936 760 2020 flarent,
826 1937 1109 2020 perpulit
1170 1939 1415 2019 tamen,
1477 1941 1553 2002 ut
1614 1938 1945 2003 fortunam
2005 1938 2257 2003 navalis

244 2023 615 2088 certaminis
664 2025 937 2106 experiri
982 2025 1195 2088 vellet.
1270 2031 1336 2088 et
1371 2025 1737 2109 Marcellus,
1785 2047 1929 2089 cum
1976 2028 2042 2089 et
2079 2024 2256 2090 Sicu·
2295 2039 2326 2085 9

242 2112 379 2175 lum
435 2109 782 2175 exercitum
838 2130 915 2174 ex
969 2114 1114 2173 tota
1163 2112 1377 2176 insula
1423 2112 1663 2176 conciri
1709 2111 1958 2175 videret
2003 2116 2069 2176 et
2114 2133 2256 2176 cum

242 2199 493 2284 ingenti
522 2200 887 2263 commeatu
917 2197 1184 2262 classem
1213 2197 1526 2263 Punicam
1557 2199 1922 2281 adventare,
1955 2220 2036 2263 ne
2067 2198 2259 2264 simul

242 2293 420 2352 terra
464 2285 755 2370 marique
792 2286 1076 2350 inclusus
1113 2287 1271 2351 urbe
1307 2286 1594 2352 hostium
1633 2290 1990 2373 urgeretur,
2036 2311 2258 2373 quam-

245 2398 437 2459 quam
502 2374 716 2458 impa'r
776 2396 1040 2439 numero
1110 2375 1374 2440 navium
1443 2381 1605 2460 erat,
1667 2376 2012 2461 prohibere
2076 2377 2258 2443 aditu

245 2463 708 2546 Syracusarum
756 2461 1184 2528 Bomilcarem
1233 2464 1626 2555 gqnstqituitd
1672 2465 1832 2529 duae
1879 2466 2118 2531 classes
2164 2467 2256 2530 in·
2280 2478 2345 2526 10

244 2552 449 2615 festae
526 2550 694 2613 circa
757 2552 1277 2631 promunturium
1344 2550 1721 2636 Pachynum
1785 2553 2074 2638 stabant,
2144 2554 2257 2617 ubi

242 2638 455 2723 prima
508 2637 951 2720 tranquillitas
997 2638 1194 2702 maris
1242 2640 1309 2702 in
1359 2639 1564 2703 altum
1611 2639 1955 2722 evexisset‚
2002 2660 2257 2705 concur-

247 2748 450 2792 surae.
524 2727 745 2810 itaque
792 2725 1057 2791 cadente
1102 2727 1232 2790 iam
1268 2726 1465 2811 Eur0,
1513 2728 1621 2811 qui
1666 2748 1779 2811 per
1827 2725 1960 2790 dies
2010 2727 2258 2810 aliquot
2281 2739 2342 2787 11

247 2814 588 2897 saevierat,
643 2814 822 2898 prior
868 2813 1194 2879 Bomilcar
1247 2806 1484 2899 ffiss'ffl',
1535 2816 1715 2880 cuius
1770 2814 1980 2899 primo
2029 2814 2256 2880 classis

246 2906 466 2986 petere
513 2904 715 2967 altum
761 2902 905 2967 visa
950 2906 1067 2986 est,
1114 2925 1237 2987 quo
1285 2902 1540 2968 facilius
1588 2908 1923 2988 superaret
1956 2925 2258 2987 promun-

245 2989 512 3054 turium.
601 2994 883 3055 ceterum
940 2995 1285 3075 postquam
1344 2992 1607 3057 tendere
1666 2991 1746 3057 ad
1807 3012 1875 3057 se
1928 2991 2256 3059 Romanas
2278 3004 2344 3055 12

244 3099 443 3143 naves
480 3077 659 3161 vidit,
703 3079 1037 3163 incertum,
1084 3101 1212 3163 qua
1249 3081 1466 3145 subita
1502 3082 1766 3147 territus
1805 3102 1892 3165 re,
1932 3080 2257 3147 Bomilcar

247 3166 394 3232 vela
437 3166 505 3231 in
554 3165 757 3230 altum
805 3167 982 3232 dedit
1028 3168 1375 3253 missisque
1409 3170 1659 3234 nuntiis
1696 3168 2099 3255 Heracleam,
2147 3170 2258 3254 qui

246 3253 575 3319 onerarias
631 3257 802 3319 retro
857 3255 1004 3319 inde
1059 3256 1350 3322 Africam
1404 3261 1694 3341 repetere
1738 3257 2063 3342 iuberent,
2117 3258 2256 3341 ipse

248 3340 537 3409 Siciliam
605 3346 1085 3426 praetervectus
1147 3345 1741 3439 Tarssnssumfflgidssae
1840 3341 2159 3451 Epjgydes
2220 3358 2342 3410 a13

244 3434 430 3496 tanta
475 3433 742 3515 repente
786 3430 1135 3497 destitutus
1182 3456 1311 3586 spec,
1358 3456 1438 3499 ne
1461 3428 1552 3499 ’ἶή
1583 3433 1982 3500 obsidionem
2021 3426 2257 3521 inagna

245 3541 321 3584 ex
379 3523 564 3604 parte
625 3522 854 3605 captae
916 3542 992 3584 ur
1041 3544 1095 3585 is
1157 3544 1225 3587 re
1271 3527 1421 3609 iret,
1480 3522 1914 3609 Agrigentum
1972 3524 2261 3612 navigat,
2337 3530 2338 3533 ’

1785 3646 1796 3653 ,ι
1809 3638 1958 3653 ‹mm-1⁹⁸
