2654 3913
641 237 858 292 LIBER
895 237 1063 293 XXV.
1138 237 1289 291 CAP.
1331 243 1412 292 15.
1492 238 1566 309 [a.
1607 239 1663 294 c.
1703 240 1830 311 212]
2167 241 2251 305 75

233 383 458 449 eadem
506 405 619 449 ora
664 382 865 448 maris
913 386 979 447 et
1022 382 1290 447 Thurini
1335 382 1644 448 fecerunt.
1715 383 1920 449 movit
1965 404 2076 448 eos
2120 406 2253 450 non

233 471 734 537 Tarentinorum
774 471 984 555 magis
1020 471 1293 536 defectio
1334 470 2080 557 Metapontinorumque,
2121 474 2254 556 qui-

231 561 355 625 bus
391 559 678 624 indidem
715 582 793 625 ex
822 559 1073 623 Achaia
1101 559 1362 623 oriundi
1397 559 1596 624 etiam
1633 559 2015 644 cognatione
2050 562 2255 625 iuncti

235 652 443 731 erant,
496 670 691 732 quam
753 647 852 712 ira
905 647 975 711 in
1027 646 1359 712 Romanos
1413 651 1678 732 propter
1742 648 1997 712 obsides
2049 670 2256 732 nuper

233 736 630 802 interfectos.
691 757 914 801 eorum
953 736 1143 800 amici
1181 737 1569 820 cognatique
1605 735 1860 800 litteras
1890 758 1965 801 ac
1990 738 2253 802 nuntios
2292 748 2327 797 8

236 825 315 889 ad
352 825 744 890 Hannonem
771 823 1268 908 Magonemque,
1307 823 1418 907 qui
1454 824 1523 887 in
1559 824 1922 908 propinquo
1959 826 2029 889 in
2062 825 2255 890 Brut-

234 913 345 977 tiis
402 916 616 996 erant,
668 912 1010 996 miserunt,
1065 914 1122 977 si
1177 912 1526 977 exercitum
1584 913 1666 977 ad
1727 913 1986 978 moenia
2039 913 2256 979 admo-

237 1002 513 1084 vissent,
551 1023 619 1065 se
656 1002 724 1066 in
761 1004 1155 1084 potestatem
1194 1022 1414 1065 eorum
1451 1001 1676 1066 urbem
1703 1001 2060 1066 tradituros
2099 1024 2257 1069 esse.

237 1088 326 1154 M.
381 1088 644 1154 Atinius
704 1089 963 1154 Thuriis
1029 1110 1174 1153 cum
1238 1089 1491 1154 modico
1554 1089 1875 1172 praesidio
1939 1094 2257 1175 praeerat,
2293 1100 2328 1149 9

240 1200 433 1262 quem
479 1178 663 1243 facile
707 1178 851 1242 elici
889 1178 969 1242 ad
1008 1179 1336 1241 certamen
1372 1181 1615 1240 temere
1651 1178 1996 1243 ineundum
2032 1179 2257 1245 reban-

237 1268 345 1331 tur
370 1288 561 1350 posse
588 1287 722 1330 non
749 1265 1033 1330 militum
1042 1316 1059 1348 ,
1092 1286 1253 1348 quos
1281 1286 1638 1349 perpaucos
1666 1265 1975 1350 habebat,
2004 1265 2256 1352 fiducia,

241 1376 435 1438 quam
480 1354 837 1418 iuventutis
875 1352 1225 1437 Thurinae3
1274 1375 1417 1416 eam
1465 1375 1542 1417 ex
1577 1353 1894 1418 industria
1940 1355 2257 1419 centuria-

237 1446 422 1507 verat
470 1445 955 1524 armaveratque
994 1442 1074 1505 ad
1110 1441 1263 1506 talis
1311 1462 1517 1505 casuS.
1591 1441 1808 1505 divisis
1847 1442 2050 1523 copiis
2087 1442 2259 1506 inter
2300 1451 2367 1500 10

243 1551 311 1594 se
358 1529 549 1594 duces
594 1528 796 1594 Poeni
842 1551 987 1594 cum
1033 1549 1262 1613 agrum
1297 1529 1658 1593 Thurinum
1702 1528 1979 1613 ingressi
2026 1534 2259 1614 essent,

241 1616 477 1683 Hanno
508 1638 654 1682 cum
681 1617 969 1701 peditum
999 1618 1252 1703 agmine
1279 1616 1537 1681 infestis
1567 1616 1769 1701 signis
1799 1617 1892 1680 ire
1922 1617 2000 1680 ad
2029 1618 2257 1682 urbem

242 1706 484 1791 pergit,
542 1704 739 1791 Mago
806 1727 949 1771 cum
1010 1706 1302 1790 equitatu
1361 1709 1570 1770 tectus
1631 1705 1903 1770 collibus
1967 1709 2119 1788 apte
2176 1707 2266 1771 ad

244 1795 536 1879 tegendas
583 1794 852 1859 insidias
899 1794 1219 1878 oppositis
1266 1794 1583 1860 subsistit.
1663 1792 1924 1857 Atinius
1972 1794 2258 1876 peditum
2298 1805 2362 1852 11

244 1887 500 1947 tantum
560 1883 817 1968 agmine
876 1905 994 1967 per
1056 1883 1489 1967 exploratores
1547 1886 1872 1966 comperto
1928 1882 1998 1945 in
2055 1883 2260 1947 aciem

244 1973 462 2055 copias
510 1972 723 2036 educit
769 1974 834 2036 et
879 1971 1126 2035 fraudis
1173 1971 1523 2036 intestinae
1572 1973 1637 2034 et
1672 1972 1960 2035 hostium
1999 1970 2259 2036 insidia-

243 2081 388 2123 rum
434 2059 719 2142 ignarus.
800 2059 1096 2142 pedestre
1141 2060 1463 2141 proelium
1507 2058 1635 2123 fuit
1679 2077 1991 2142 persegne
2034 2060 2257 2142 paucis
2301 2068 2364 2117 12

242 2148 311 2212 in
356 2147 568 2229 prima
613 2147 746 2211 acie
800 2147 1241 2231 pugnantibus
1286 2145 1623 2230 Romanis,
1680 2146 1987 2210 Thurinis
2036 2166 2262 2229 expec-

243 2235 539 2300 tantibus
584 2235 795 2320 magis
852 2257 1045 2337 quam
1102 2234 1557 2300 adiuvantibus
1616 2237 1938 2317 eventum;
1996 2238 2062 2299 et
2108 2233 2263 2300 Car-

243 2323 751 2408 thaginiensium
800 2325 967 2390 acies
1023 2325 1100 2388 de
1157 2324 1480 2388 industria
1522 2322 1751 2408 pedem
1796 2322 2141 2407 referebat,
2187 2325 2262 2387 ut

246 2412 326 2476 ad
369 2418 557 2496 terga
603 2413 785 2478 collis
833 2414 916 2478 ab
955 2413 1172 2497 equite
1212 2434 1327 2477 suo
1366 2412 1602 2478 insessi
1636 2412 1892 2477 hostem
1931 2412 2261 2477 incautum

243 2501 664 2582 pertraheret.
733 2522 857 2583 quo
904 2500 1018 2564 ubi
1065 2505 1166 2564 est
1208 2503 1497 2583 ventum,
1544 2501 1747 2566 coorti
1793 2522 1937 2564 cum
1984 2501 2261 2565 clamore
2301 2509 2367 2558 13

247 2587 493 2670 equites
533 2607 731 2668 prope
768 2586 1165 2649 inconditam
1193 2587 1626 2649 Thurinorum
1663 2586 1920 2650 turbam
1956 2608 2074 2650 nec
2103 2587 2262 2650 satis

245 2675 376 2739 fido
407 2674 652 2756 animo,
680 2673 845 2736 unde
874 2672 1234 2755 pugnabat,
1273 2674 1553 2735 stantem
1584 2673 1903 2753 extemplo
1942 2673 2013 2734 in
2039 2672 2264 2754 fugam

247 2765 634 2828 averterunt.
741 2759 1047 2842 Romani,
1111 2779 1501 2843 quamquam
1575 2759 2041 2823 circumventos
2112 2759 2264 2823 hinc
2304 2770 2370 2818 14

246 2852 467 2935 pedes,
512 2851 663 2915 hinc
710 2870 903 2933 eques
945 2848 1248 2933 urgebat,
1292 2851 1514 2911 tamen
1550 2844 1940 2930 aliquamdiu
1976 2867 2265 2931 pugnam

246 2944 516 3004 traxere.
589 2942 918 3023 postremo
950 2941 1015 3001 et
1043 2936 1170 3021 ipsi
1205 2939 1394 3020 terga
1420 2938 1681 3000 vertunt
1709 2939 1903 3019 atque
1933 2935 2010 3000 ad
2040 2937 2264 3000 urbem

246 3028 526 3111 fugiunt.
619 3027 714 3090 ibi
776 3026 1140 3110 proditores
1205 3025 1578 3109 conglobati
1642 3046 1788 3090 cum
1851 3024 2262 3110 popularium
2304 3034 2370 3083 15

249 3135 483 3200 agmen
512 3115 878 3197 patentibus
910 3114 1112 3198 portis
1144 3114 1559 3196 accepissent,
1588 3114 1700 3178 ubi
1725 3111 2057 3178 Romanos
2085 3113 2265 3179 fusos

249 3204 329 3268 ad
375 3202 600 3266 urbem
645 3201 801 3265 ferri
848 3203 1169 3285 viderunt,
1216 3202 1626 3267 conclamant
1670 3202 1915 3267 instare
1956 3202 2268 3285 Poenum,

247 3292 723 3377 permixtosque
779 3292 845 3354 et
898 3291 1108 3355 hostis
1173 3291 1398 3355 urbem
1453 3291 1820 3373 invasuros,
1874 3289 1942 3352 ni
1995 3309 2267 3372 propere

248 3384 472 3463 portas
502 3376 819 3443 claudant.
890 3378 984 3441 ita
1021 3377 1311 3442 exclusos
1349 3377 1677 3442 Romanos
1710 3377 2060 3460 praebuere
2089 3375 2268 3440 hosti

250 3469 329 3532 ad
359 3467 644 3551 caedem,
675 3465 933 3531 Atinius
962 3469 1182 3530 tamen
1210 3487 1356 3530 cum
1391 3466 1614 3547 paucis
1643 3469 1959 3549 receptus
2032 3464 2263 3529 seditio
2304 3474 2371 3524 16

250 3556 394 3621 inde
438 3557 770 3640 paulisper
814 3553 1024 3620 tenuit
1069 3575 1212 3619 cum
1259 3554 1378 3619 alii
1420 3553 1794 3620 manendum
1838 3554 1909 3618 in
1943 3551 2266 3618 Romanae
