2654 3913
600 217 814 271 LIBER
848 216 1042 271 XXIV.
1120 217 1268 273 CAP.
1312 223 1393 272 15.
1438 225 1519 273 16.
1598 220 1671 288 [a.
1712 219 1768 273 c.
1809 222 1937 291 214]
2202 222 2280 284 17

262 362 503 445 Italici,
532 363 731 427 ceteri
757 360 1079 426 Numidae
1107 362 1240 426 fere
1270 384 1492 427 omnes
1520 362 1879 447 Maurique.
1924 368 2283 448 pugnatum
2321 377 2356 425 3

266 454 368 516 est
412 455 478 515 et
526 450 758 515 acriter
804 454 872 514 et
916 451 1052 531 diu3
1109 453 1416 534 quattuor
1470 449 1647 514 horis
1694 455 1923 516 neutro
1971 452 2286 518 inclinata

265 543 367 603 est
410 558 648 623 pugna.
733 559 852 602 nec
898 539 1030 603 alia
1074 539 1284 622 magis
1331 537 1697 603 Romanum
1743 539 2136 621 impediebat
2181 563 2284 605 res

268 649 458 711 quam
509 627 723 709 capita
768 627 1055 692 hostium
1110 626 1320 709 pretia
1376 626 1700 691 libertatis
1757 627 1960 710 facta3
2015 649 2165 692 nam
2212 631 2286 692 ut
2323 641 2358 687 4

268 717 538 800 quisque
575 714 830 779 hostem
867 715 1120 798 inpigre
1160 714 1506 798 occiderat,
1543 715 1821 796 primum
1854 715 2065 797 capite
2095 736 2285 800 aegre

267 804 437 867 inter
472 804 733 867 turbam
768 802 1246 884 tumultumque
1293 802 1678 866 abscidendo
1714 803 1968 867 terebat
2003 808 2287 887 tempus;

269 891 495 957 deinde
533 894 844 974 occupata
882 890 1108 954 dextra
1142 889 1421 955 tenendo
1460 892 1654 972 caput
1690 889 2083 955 fortissimus
2119 892 2289 975 quis-

271 1000 393 1063 que
430 982 756 1063 pugnator
793 999 931 1043 esse
964 978 1269 1059 desierat,
1308 978 1611 1062 segnibus
1651 999 1725 1041 ac
1761 979 2007 1042 timidis
2045 979 2288 1044 tradita

269 1072 691 1219 ξ’·ἶὲἓῗηὲἷπ·
780 1064 2289 1219 suffurari13¹1¹2331232225011323¹²³·
2325 1080 2356 1128 ⁵

271 1177 634 1308 clarvnificar'i
680 1177 995 1326 ilgssenizlea
1044 1245 1108 1306 et
1152 1241 1221 1305 in
1269 1241 1510 1306 dextris
1557 1241 1837 1307 militum
1883 1264 2002 1326 pro
2051 1177 2287 1327 9ῗὲΞέ

270 1331 554 1396 humana
601 1332 815 1413 capita
860 1351 1027 1412 esse,
1074 1329 1329 1414 signum
1377 1330 1516 1393 dari
1562 1352 1833 1412 propere
1877 1331 2097 1415 iussit,
2140 1353 2286 1414 pro·

270 1420 517 1483 icerent
561 1419 777 1501 capita
820 1418 1325 1502 invaderentque
1381 1416 1662 1481 hostem:
1718 1419 1960 1482 claram
2016 1420 2175 1483 satis
2224 1425 2289 1484 et
2326 1431 2359 1479 6

271 1507 593 1589 insignem
622 1507 929 1570 virtutem
967 1527 1105 1571 esse
1141 1527 1259 1570 nec
1298 1505 1560 1570 dubiam
1597 1505 1964 1569 libertatem
2000 1505 2288 1570 futuram

273 1594 556 1659 strenuis
603 1594 775 1658 viris.
866 1597 1004 1658 tum
1049 1594 1490 1678 redintegrata
1533 1612 1754 1677 pugna
1800 1596 1924 1675 est,
1982 1596 2046 1656 et
2092 1615 2285 1678 eques

274 1683 470 1748 etiam
498 1680 574 1745 in
611 1681 831 1746 hostes
870 1682 1160 1748 emissus,
1234 1682 1467 1766 quibus
1501 1702 1645 1745 cum
1688 1681 1942 1765 inpigre
1969 1679 2288 1747 Numidae
2326 1693 2355 1742 ’1

273 1770 725 1854 occurrissent,
760 1791 878 1835 nec
916 1771 1178 1854 segnior
1207 1770 1495 1854 equitum
1523 1791 1716 1853 quam
1745 1770 2033 1852 peditum
2071 1792 2290 1856 pugna

274 1862 468 1942 esset,
521 1858 758 1923 iterum
802 1859 870 1923 in
919 1858 1185 1923 dubium
1238 1858 1511 1922 adducta
1563 1878 1685 1921 reS.
1779 1879 1923 1922 cum
1969 1859 2289 1943 utrimque

275 1947 465 2012 duces
475 1997 492 2030 ,
528 1945 861 2012 Romanus
898 1945 1229 2012 Bruttium
1267 1945 1719 2029 Lucanumque
1748 1946 1988 2011 totiens
2019 1971 2058 2011 a
2091 1949 2291 2013 maio-

275 2035 452 2099 ribus
482 2036 613 2100 suis
642 2036 849 2100 victos
880 2037 1334 2118 subactosque,
1363 2035 1616 2099 Poenus
1646 2035 1966 2117 mancipia
1994 2035 2292 2100 Romana

277 2126 344 2188 et
372 2144 449 2186 ex
478 2123 809 2207 ergastulo
838 2123 1109 2187 militem
1149 2123 1360 2188 verbis
1399 2123 1749 2204 obtereret,
1787 2126 2111 2203 postremo
2141 2145 2286 2205 pro·
2326 2134 2360 2182 8

275 2210 538 2276 nuntiat
581 2209 907 2275 Gracchus
955 2233 1095 2276 esse
1139 2209 1329 2293 nihil,
1385 2211 1555 2294 quod
1610 2210 1686 2274 de
1731 2210 2030 2274 libertate
2080 2232 2291 2294 spera·
2339 2225 2343 2230 ’

275 2304 446 2383 rent,
483 2299 613 2364 nisi
651 2320 727 2364 eo
766 2299 867 2363 die
902 2298 1032 2363 fusi
1068 2299 1406 2384 fugatique
1442 2299 1661 2363 hostes
1702 2302 1931 2363 essent.
2003 2296 2178 2363 XVI.
2218 2321 2293 2364 ea
2332 2312 2358 2358 1

276 2388 531 2453 demum
576 2409 700 2453 vox
746 2388 840 2452 ita
877 2388 1124 2452 animos
1165 2387 1481 2470 accendit,
1520 2391 1593 2451 ut
1635 2390 1943 2452 renovato
1992 2388 2293 2473 clamore,

277 2477 453 2540 velut
488 2475 603 2539 alii
638 2480 902 2560 repente
939 2476 1125 2560 facti,
1156 2478 1341 2539 tanta
1369 2475 1434 2539 vi
1464 2496 1531 2539 se
1559 2474 1628 2538 in
1653 2474 1909 2540 hostem
1939 2476 2294 2560 intulerint,

277 2568 353 2628 ut
389 2564 693 2627 sustineri
729 2564 905 2628 ultra
933 2585 1067 2628 non
1095 2567 1380 2646 possent.
1451 2563 1660 2646 primo
1701 2564 2107 2648 antesignani
2136 2564 2292 2627 Poe·
2331 2575 2364 2621 2

277 2672 539 2734 norum,
588 2649 734 2714 dein
780 2651 967 2733 signa
1013 2652 1416 2734 perturbata,
1475 2655 1800 2736 postremo
1848 2655 1990 2716 tota
2035 2651 2292 2733 inpulsa

280 2738 477 2822 acies3
523 2737 672 2802 inde
719 2738 891 2802 haud
941 2738 1133 2802 dubie
1169 2742 1356 2823 terga
1393 2739 1570 2820 data,
1616 2743 1934 2821 ruuntque
1972 2741 2292 2821 fugientes

277 2828 346 2891 in
390 2830 603 2892 castra
650 2826 806 2891 adeo
853 2826 1074 2910 pavidi
1115 2827 1504 2911 trepidique,
1549 2828 1623 2889 ut
1666 2846 1747 2889 ne
1791 2825 1859 2890 in
1906 2825 2114 2908 portis
2162 2825 2294 2909 qui·

281 2916 426 2979 dem
463 2918 578 2979 aut
612 2915 785 2979 vallo
824 2916 1167 3000 quisquam
1203 2914 1542 2997 restiterit3
1583 2935 1658 2978 ac
1693 2935 1895 2997 prope
1933 2914 2295 2980 continenti

281 3002 534 3086 agmine
577 3002 857 3067 Romani
914 3003 1191 3068 insecuti
1236 3024 1478 3067 novum
1535 3002 1611 3066 de
1665 3002 1922 3088 integro
1978 3004 2293 3086 proelium

278 3089 514 3154 inclusi
556 3090 841 3156 hostium
886 3092 1058 3156 vallo
1116 3090 1467 3155 ediderunt.
1564 3091 1655 3155 ibi
1712 3092 1878 3156 sicut
1932 3113 2151 3178 pugna
2205 3092 2296 3156 in·
2333 3103 2365 3150 3

280 3178 560 3281 peditio'r
604 3179 673 3241 in
718 3180 1061 3264 angustiis,
1106 3179 1203 3244 ita
1250 3178 1475 3243 caedes
1524 3179 1804 3244 atrocior
1847 3178 1988 3243 fuit.
2076 3184 2143 3243 et
2188 3178 2295 3242 ad·

278 3268 496 3331 iuvere
525 3266 783 3350 captivi,
804 3268 912 3350 qui
939 3271 1129 3351 rapto
1157 3268 1327 3331 inter
1354 3268 1701 3331 tumultum
1729 3266 1899 3330 ferro
1922 3263 2292 3346 conglobati

280 3358 346 3419 et
390 3355 472 3419 ab
518 3358 707 3438 tergo
754 3355 1117 3420 ceciderunt
1160 3354 1412 3420 Poenos
1474 3359 1540 3418 et
1582 3354 1805 3437 fugam
1852 3351 2296 3433 impedierunt.

279 3444 496 3527 itaque
535 3443 750 3507 minus
789 3441 914 3509 duo
951 3444 1131 3507 milia
1176 3443 1511 3508 hominum
1548 3463 1625 3504 ex
1661 3444 1846 3504 tanto
1886 3438 2193 3524 exercitu,
2234 3441 2299 3504 et
2333 3451 2370 3498 4

281 3552 357 3595 ea
400 3531 605 3595 maior
650 3553 804 3615 pars
843 3532 1160 3616 equitum,
1200 3552 1344 3594 cum
1380 3530 1520 3609 ipso
1559 3527 1716 3591 duce
1756 3526 2143 3611 effugerunt3
2184 3527 2298 3592 alii

386 3643 436 3683 Τ.
462 3643 613 3684 Lm.
663 3643 752 3684 111.
1839 3632 1873 3684 2
