2654 3913
684 204 896 257 LIBER
931 205 1124 258 XXVI.
1199 206 1347 259 CAP.
1389 212 1476 259 21.
1552 207 1624 276 [a.
1664 207 1721 260 C.
1761 209 1888 278 211]
2172 208 2295 272 137

285 348 577 414 confecta
625 349 976 414 exercitum
1014 350 1353 433 deportare
1389 372 1521 414 non
1565 349 1881 434 licuisset,
1925 350 2300 434 postulavit,

286 442 360 502 ut
399 437 827 521 triumphanti
862 438 1090 503 urbem
1127 439 1289 502 inire
1326 439 1566 503 liceret.
1638 438 1706 502 id
1740 459 1874 501 non
1911 438 2299 520 impetravit.

287 547 433 590 cum
477 527 702 591 multis
758 526 973 591 verbis
1030 529 1243 590 actum
1299 531 1500 610 esset,
1553 529 1773 590 utrum
1817 526 2027 590 minus
2075 546 2300 591 conve·
2337 539 2370 586 3

286 615 483 698 niret,
542 615 721 679 cuius
781 614 1041 678 nomine
1101 614 1387 678 absentis
1448 614 1531 680 ob
1587 636 1691 680 res
1746 635 2052 699 prospere
2108 613 2302 677 ductu

288 703 422 767 eius
472 706 692 788 gestas
742 702 1133 785 supplicatio
1181 702 1435 767 decreta
1471 702 1639 767 foret
1676 706 1742 766 et
1788 702 1887 767 dis
1923 701 2301 767 immortali-

286 792 405 855 bus
442 790 707 855 habitus
745 790 978 874 honos,
1025 791 1084 855 ei
1118 791 1447 873 praesenti
1482 811 1718 874 negare
1754 790 2181 874 triumphum,
2217 811 2299 854 an
2337 802 2372 850 4

288 900 477 961 quem
507 878 763 942 tradere
792 879 1142 943 exercitum
1183 880 1537 944 successori
1566 879 1933 961 iussissent,
1970 878 2152 968 quod
2176 877 2303 941 nisi

289 973 589 1030 manente
617 967 687 1030 in
711 967 1049 1049 provincia
1077 967 1248 1032 bello
1275 989 1408 1032 non
1437 967 1911 1051 decerneretur,
1941 988 2086 1030 eum
2119 963 2305 1050 quasi

288 1054 615 1120 debellato
669 1054 1095 1138 triumphare,
1149 1077 1293 1121 cum
1310 1050 1698 1121 exercitus
1705 1053 1901 1121 testis
1947 1055 2163 1120 meriti
2208 1058 2303 1119 at·

290 1164 412 1225 que
440 1143 750 1207 immeriti
777 1144 1091 1227 triumphi
1119 1145 1401 1227 abesset,
1428 1145 1709 1209 medium
1738 1145 1974 1227 visum,
2001 1148 2076 1209 ut
2103 1164 2303 1209 ovans

291 1231 517 1296 urbem
562 1232 775 1297 iniret.
851 1232 1101 1296 tribuni
1135 1232 1349 1316 plebis
1388 1254 1463 1295 ex
1500 1233 1885 1297 auctoritate
1925 1235 2184 1297 senatus
2223 1231 2303 1295 ad
2341 1241 2375 1290 5

289 1320 599 1420 populum
627 1320 943 1402 tulerunt,
969 1322 1044 1383 ut
1070 1319 1158 1384 M.
1182 1320 1524 1402 Marce110,
1553 1341 1680 1402 quo
1710 1320 1813 1383 die
1842 1320 2067 1384 urbem
2101 1339 2301 1383 ovans

286 1407 508 1491 iniret,
552 1406 898 1489 imperium
944 1412 1132 1471 esset.
1203 1407 1412 1489 pridie
1459 1428 1653 1491 quam
1699 1407 1924 1470 urbem
1969 1406 2192 1488 iniret,
2236 1406 2303 1469 in
2341 1418 2374 1466 6

287 1498 506 1558 monte
552 1495 808 1558 Albano
854 1494 1306 1577 triumphavit3
1364 1494 1515 1559 inde
1569 1515 1769 1558 ovans
1826 1494 2103 1558 multam
2148 1515 2302 1575 prae

289 1605 359 1648 se
396 1581 700 1665 praedam
737 1582 809 1647 in
844 1582 1071 1647 urbem
1106 1582 1358 1647 intulit.
1405 1604 1548 1647 cum
1585 1583 1930 1647 simulacro
1968 1585 2303 1665 captarum
2342 1593 2371 1641 7

290 1668 754 1755 Syracusarum
798 1671 1167 1753 catapultae
1212 1671 1645 1755 ballistaeque
1687 1673 1753 1735 et
1790 1670 1922 1736 alia
1957 1670 2176 1735 omnia
2209 1669 2304 1734 in-

289 1763 651 1824 strumenta
694 1759 850 1823 belli
895 1758 1034 1823 lata
1080 1763 1145 1824 et
1180 1760 1362 1843 pacis
1397 1760 1735 1824 diuturnae
1769 1760 2114 1844 regiaeque
2152 1780 2304 1841 opu·

290 1848 528 1912 lentiae
576 1852 982 1931 ornamenta,
1019 1849 1271 1933 argenti
1310 1849 1600 1932 aerisque
1637 1847 1978 1913 fabrefacti
2014 1848 2140 1930 via,
2178 1848 2303 1911 alia
2340 1858 2375 1906 8

287 1937 575 2020 supellex
640 1936 1049 2020 pretiosaque
1122 1938 1324 2002 vestis
1389 1941 1456 2003 et
1518 1937 1728 2001 multa
1789 1936 2037 2001 nobilia
2100 1936 2304 2020 signa,

288 2024 522 2108 quibus
568 2025 739 2088 inter
779 2025 1028 2107 primas
1065 2024 1375 2090 Graeciae
1411 2025 1604 2089 urbes
1643 2022 1997 2108 Syracusae
2037 2028 2303 2088 ornatae

286 2114 561 2177 fuerant.
642 2112 925 2176 Punicae
972 2133 1223 2213 quoqu-e
1269 2113 1581 2176 victoriae
1628 2112 1888 2196 signum
1933 2114 2080 2176 octo
2128 2110 2305 2176 ducti
2342 2123 2375 2170 9

286 2201 631 2303 elephanti.
731 2205 798 2264 et
852 2221 984 2264 non
1038 2201 1378 2265 minimum
1431 2199 1610 2265 fuere
1665 2199 2104 2283 spectaculum
2159 2220 2305 2263 cum

285 2290 540 2354 coronis
587 2289 797 2354 aureis
836 2289 1291 2372 praecedentes
1335 2287 1512 2353 Sosis
1550 2286 1989 2374 Syracusanus
2027 2291 2094 2353 et
2128 2287 2302 2354 Moe-

284 2380 456 2444 ricus
511 2377 874 2462 Hispanus,
929 2399 1198 2461 quorum
1254 2378 1461 2443 altero
1518 2377 1675 2443 duce
1737 2381 2052 2443 nocturno
2110 2373 2413 2462 Syra-10

286 2489 472 2532 cusas
501 2467 845 2531 introitum
874 2470 1039 2549 erat,
1077 2467 1241 2530 alter
1267 2466 1518 2531 Nasum
1557 2465 1849 2550 quodque
1880 2466 1975 2530 ibi
2000 2466 2302 2549 praesidii

286 2557 426 2618 erat
459 2553 846 2637 prodiderat.
924 2553 1028 2617 his
1067 2554 1382 2618 ambobus
1420 2555 1650 2619 civitas
1688 2554 1842 2618 data
1880 2557 1945 2616 et
1982 2554 2306 2636 quingena
2345 2563 2408 2611 11

287 2643 509 2725 iugera
545 2640 717 2724 agri,
753 2637 1021 2703 Sosidi
1002 2662 1071 2702 ιιι
1122 2660 1280 2723 agro
1320 2639 1754 2724 SyracusanO,
1792 2641 1903 2723 qui
1940 2643 2054 2703 aut
2085 2640 2303 2722 regius

289 2733 400 2793 aut
433 2729 722 2793 hostium
760 2726 986 2809 populi
1023 2725 1303 2790 Romani
1340 2728 1596 2810 fuisset,
1634 2732 1701 2792 et
1738 2727 1927 2791 aedes
1963 2724 2303 2809 Syracusis

288 2818 469 2881 cuius
518 2816 715 2879 vellet
761 2836 1012 2897 eorum,
1066 2814 1137 2877 in
1193 2836 1353 2897 quos
1400 2815 1559 2878 belli
1603 2815 1739 2879 iure
1787 2814 2303 2879 animadversum

288 2898 499 2990 esset3
543 2903 853 2968 Moerico
880 2901 1344 2986 Hispanisque,
1401 2904 1511 2986 qui
1566 2924 1711 2968 cum
1768 2924 1842 2968 eo
1894 2902 2303 2986 transierant,
2346 2914 2411 2961 12

288 2992 444 3057 urbs
491 3013 769 3076 agerque
814 2992 884 3055 in
930 2989 1148 3056 Sicilia
1192 3012 1272 3055 ex
1316 2992 1423 3073 iis,
1481 2992 1590 3074 qui
1636 3012 1675 3055 a
1719 2992 1962 3076 populo
2006 2991 2303 3057 Romano

286 3079 698 3162 defecissent,
743 3079 922 3144 iussa
968 3079 1121 3144 dari.
1193 3079 1261 3144 id
1295 3078 1383 3143 M.
1422 3078 1724 3146 Cornelio
1762 3080 2169 3164 mandatum,
2213 3084 2305 3163 ut,
2345 3090 2411 3139 13

287 3168 401 3234 ubi
448 3169 507 3232 ei
554 3168 907 3249 videretur,
954 3168 1182 3232 urbem
1230 3188 1585 3253 agrumque
1630 3169 1721 3233 eis
1769 3169 2158 3252 adsignaret.
2236 3169 2304 3232 ιιι

285 3257 509 3323 eodem
556 3276 712 3340 agro
758 3254 1107 3341 Belligeni,
1152 3278 1267 3339 per
1313 3278 1504 3340 quem
1549 3257 1820 3321 inlectus
1859 3256 1940 3319 ad
1975 3255 2303 3320 transitio·

287 3367 435 3410 nem
478 3344 797 3410 Moericus
846 3347 1008 3428 erat,
1055 3344 1528 3428 quadringenta
1573 3343 1798 3427 iugera
1844 3343 1986 3428 agri
2030 3344 2304 3408 decreta.

287 3434 445 3500 Post
500 3432 968 3517 profectionem
1023 3454 1102 3496 ex
1157 3431 1383 3497 Sicilia
1433 3432 1729 3497 Marcelli
1780 3432 2027 3497 Punica
2076 3433 2301 3497 classis
2344 3444 2410 3492 14

284 3527 431 3588 octo
470 3523 649 3587 milia
684 3521 1002 3605 peditum,
1038 3521 1168 3584 tria
1194 3520 1623 3586 Numidarum
1661 3522 1949 3605 equitum
1988 3521 2302 3607 exposuit.
