2654 3913
990 855 1278 957 ΤΙΤΙ
1361 856 1662 959 LIVI

811 1026 949 1101 AB
1009 1028 1288 1101 URBE
1362 1027 1834 1103 CONDITA

1091 1165 1308 1225 mna
1363 1171 1559 1228 xx1v.

801 1418 1247 1486 PERIOCHA
1310 1418 1548 1484 LIBRI
1609 1420 1850 1486 XXIV.

460 1538 857 1620 lilieronymus,
889 1539 1361 1607 Syracusanorum
1385 1555 1507 1621 rex)
1533 1538 1704 1620 ‘cuius
1731 1542 1894 1608 pater
1912 1541 2089 1623 filiero
2119 1543 2333 1597 amicus

318 1608 1172 1749 ffifflstffssssffipflssiffiqau}
1199 1609 1731 1735 ἕῗέἒξωωὲἒέξέε
1747 1610 2063 1736 ἶὲἷῗωτῗειξῗ
2080 1615 2337 1753 εξξὲἒξὲῗ

318 1749 445 1804 nius
465 1749 746 1804 Gracchus
772 1751 1074 1818 proconsul
1099 1767 1365 1819 prospere
1393 1751 1659 1805 adversus
1686 1750 1901 1806 Poenos
1930 1754 1989 1807 et
2003 1753 2334 1809 Hannonem

320 1821 518 1876 ducem
553 1821 627 1875 ad
661 1821 1044 1876 Beneventum
1077 1820 1356 1889 pugnavit
1390 1837 1674 1876 servorum
1698 1822 1939 1878 maxime
1970 1840 2156 1892 opera,
2194 1842 2333 1893 quos

318 1891 524 1946 liberos
563 1907 700 1964 esse,
719 1889 900 1947 iussit.
975 1889 1242 1944 Claudius
1267 1890 1567 1946 Marcellus
1604 1892 1797 1947 consul
1832 1892 1895 1946 in
1930 1893 2149 1963 Sicilia,
2190 1912 2333 1964 quae

319 1979 489 2032 prope
525 1964 651 2017 tota
685 1963 758 2017 ad
791 1962 1007 2018 Poenos
1044 1961 1354 2029 defecerat,
1394 1962 1693 2032 Syracusas
1741 1964 1979 2021 obsedit.
2051 1966 2331 2037 Philippo,

316 2034 688 2088 Macedonum
739 2032 887 2103 regi,
941 2032 1155 2087 bellum
1206 2032 1483 2089 indictum
1536 2035 1646 2100 est,
1702 2034 1801 2102 qui
1841 2036 1929 2089 ,ad
1973 2036 2333 2104 Apolloniam

317 2106 590 2158 nocturno
608 2102 824 2171 proelio
843 2119 1139 2171 oppressus
1165 2102 1505 2172 fugatusque
1522 2106 1586 2159 in
1601 2103 1990 2159 Macedoniam
2016 2122 2142 2160 cum
2197 2124 2331 2176 rope

318 2172 520 2228 inermi
556 2173 802 2227 exercitu
835 2172 1104 2241 profugit.
1177 2173 1251 2227 ad
1285 2172 1347 2227 id
1380 2174 1594 2228 bellum
1629 2174 1937 2255 gerendum
1969 2175 2046 2230 M.
2074 2178 2125 2231 V
2184 2176 2331 2231 erius

315 2246 544 2313 praetor
577 2242 797 2299 missus.
869 2260 958 2297 res
994 2244 1289 2312 praeterea
1321 2243 1385 2296 in
1418 2242 1694 2313 Hispama
1728 2260 1763 2298 a
1799 2244 1858 2301 P.
1897 2246 1956 2299 et
1991 2245 2088 2303 Cn.
2119 2245 2330 2316 Scipio-

316 2315 482 2369 nibus
511 2314 775 2368 adversus
796 2312 1287 2384 Carthaginienses
1307 2316 1497 2383 gestas
1519 2316 1782 2382 continet,
1804 2331 1839 2369 a
1868 2315 2068 2383 quibus
2088 2316 2329 2386 Syphax,

317 2402 412 2440 rex
438 2384 765 2452 Numidiae,
801 2384 863 2439 in
898 2383 1210 2439 amicitiam
1247 2384 1522 2451 adscitm,
1557 2385 1653 2453 qui
1690 2402 1726 2439 a
1758 2385 2080 2455 Masinissa,
2117 2388 2329 2456 Massy-

316 2454 520 2510 liorum
555 2472 714 2524 rege,
750 2470 851 2523 pro
891 2453 1453 2524 Carthaginiensibus
1489 2458 1787 2525 pugnante*
1815 2456 1997 2512 victus
2034 2457 2097 2511 in
2129 2458 2330 2527 Hispa-

317 2525 471 2579 niam
507 2525 582 2579 ad
618 2525 935 2594 Scipionem
982 2542 1108 2579 cum
1152 2541 1363 2594 magna
1405 2542 1574 2579 manu
1624 2526 1851 2581 transiit
1895 2530 2094 2582 contra
2127 2528 2327 2595 GadeS‚

319 2595 419 2650 ubi
465 2597 704 2664 angusto
749 2595 892 2649 freto
937 2595 1131 2650 Africa
1178 2597 1237 2651 et
1281 2594 1556 2664 Hispania
1600 2596 1952 2651 dirimuntur.
2038 2597 2330 2667 [Celtiberi

319 2682 541 2735 quoque
569 2665 630 2718 in
657 2664 967 2719 amicitiam
991 2665 1205 2735 recepti
1232 2670 1387 2733 sunt,
1417 2683 1655 2733 quorum
1681 2666 1906 2720 auxiliis
1936 2666 2167 2720 adscitis
2195 2670 2330 2721 tunc

316 2736 558 2805 primum
592 2735 1032 2789 mercennarium
1066 2736 1307 2790 militem
1344 2738 1598 2791 Romana
1633 2737 1819 2791 castra
1852 2736 2210 2809 habuerunt]

490 2914 540 2979 Ι.
586 2914 678 2981 Ut
705 2936 781 2979 ex
810 2911 1166 2998 Campania
1192 2915 1262 2979 in
1287 2913 1585 2980 Bruttios
1613 2916 1891 2982 reditum
1928 2919 2057 3000 est,
2091 2916 2327 2984 Hanno
2367 2929 2394 2977 1

317 3003 719 3068 adiutoribus
748 3006 814 3067 et
842 3003 1107 3068 ducibus
1134 3002 1413 3067 Bruttiis
1435 3001 1715 3069 Graecas
1743 3006 1934 3070 urbes
1962 3007 2328 3090 temptavit,

317 3112 391 3155 eo
419 3090 674 3156 facilius
701 3091 772 3154 in
799 3092 1107 3156 societate
1135 3095 1470 3156 manentes
1490 3090 1800 3177 Romana,
1825 3094 1994 3177 quod
2016 3092 2328 3177 Bruttios,

316 3199 479 3262 quos
516 3182 584 3242 et
619 3178 886 3243 oderant
922 3183 989 3243 et
1025 3180 1421 3263 metuebant,
1456 3176 2082 3265 Carthaginiensium
2118 3182 2326 3263 partis

315 3266 520 3331 factos
559 3267 914 3331 cernebant.
979 3266 1256 3352 Regium
1282 3268 1565 3351 primum
1600 3271 1990 3353 temptatum
2028 3272 2128 3331 est
2164 3267 2326 3331 dies·
2362 3277 2395 3327 2

316 3376 438 3438 que
468 3354 716 3438 aliquot
741 3354 832 3419 ibi
861 3356 1249 3439 nequiquam
1277 3355 1621 3439 absumpti.
1683 3356 1943 3420 interim
1973 3355 2323 3420 Locrenses

312 3442 706 3508 frumentum
733 3442 1038 3527 lignaque
1071 3447 1137 3507 et
1165 3446 1377 3509 cetera
1402 3443 1763 3508 necessaria
1790 3442 2013 3507 usibus
2043 3463 2119 3507 ex
2150 3445 2325 3527 agris

314 3530 384 3594 in
410 3532 636 3596 urbem
665 3551 891 3614 rapere
901 3531 1141 3614 ‚etiam
1178 3551 1262 3596 ne
1299 3530 1454 3614 quid
1486 3531 1781 3595 relictum
1811 3529 2087 3613 praedae
2122 3530 2323 3594 hosti·

419 3644 468 3684 r.
496 3642 645 3685 mvn
696 3644 786 3683 111.
1871 3639 1900 3685 1
