2654 3913
329 209 374 272 4
656 203 871 290 Lissa
904 202 1102 258 xxrv.
1178 202 1332 258 cAP.
1371 209 1420 258 2.
1460 209 1511 258 3.
1591 204 1665 274 [a.
1705 203 1769 258 U.
1810 221 1855 259 ο.
1894 206 2022 276 539]

331 350 555 416 eodem
603 347 1094 415 Aristomachus
1147 346 1460 430 perfugit,
1514 350 1848 432 tamquam
1892 349 2155 435 Poenis,
2212 374 2346 417 non

329 437 604 503 Bruttiis
653 440 879 502 auctor
923 435 1105 502 urbis
1150 435 1497 499 tradendae
1542 435 1793 502 fuisset.

264 539 291 587 1
505 525 623 591 III.
666 524 842 591 Urbs
883 522 1081 590 Croto
1118 544 1374 587 murum
1414 523 1483 588 in
1520 523 1791 588 circuitu
1826 529 2157 609 patentem
2195 527 2347 593 duo-

332 615 534 680 decim
589 614 773 679 milia
825 634 1134 696 passuum
1185 611 1419 676 habuit
1470 614 1623 677 ante
1668 612 1909 697 Pyrrhi
1965 614 2035 678 in
2081 615 2345 681 Italiam

261 715 294 764 2
333 704 696 768 adventum.
785 703 938 782 post
982 699 1355 764 vastitatem
1412 721 1487 765 eo
1533 700 1706 766 bello
1751 701 1996 766 factam
2042 703 2151 768 vix
2193 726 2345 787 pars

332 791 596 856 dimidia
621 787 1070 853 habitabatur:
1099 787 1353 870 flumen,
1372 788 1542 871 quod
1570 789 1781 855 medio
1802 790 2036 874 oppido
2056 791 2346 876 fluxerat,

331 882 511 942 extra
554 875 918 960 frequentia
961 874 1153 939 tectis
1198 874 1344 937 loca
1386 877 1905 962 praeterfluebat,
1946 882 2014 944 et
2058 902 2173 944 arx
2215 886 2349 946 erat

262 978 296 1026 3
331 965 555 1049 procul
613 964 733 1047 eis,
788 983 951 1046 quae
1004 962 1490 1028 habitabantur.
1580 986 1691 1028 sex
1744 967 1927 1030 milia
1982 968 2209 1033 aberat
2264 970 2345 1033 ab

329 1053 487 1118 urbe
548 1052 767 1117 nobile
829 1051 1172 1134 templum,
1244 1050 1391 1134 ipsa
1452 1050 1608 1115 urbe
1671 1053 1981 1137 nobiliuS‚
2043 1055 2346 1121 Laciniae

260 1153 296 1202 4
329 1140 626 1224 Iunonis,
662 1142 955 1204 sanctum
992 1138 1289 1204 omnibus
1329 1137 1496 1203 circa
1525 1139 1800 1222 populis.
1874 1143 2056 1206 lucus
2093 1143 2187 1207 ibi
2225 1145 2345 1208 fre·

333 1229 555 1314 quenti
600 1228 762 1292 silva
799 1232 864 1291 et
897 1227 1182 1311 proceris
1221 1226 1454 1291 abietis
1493 1226 1832 1292 arboribus
1869 1233 2147 1312 saeptus⁴
2168 1231 2343 1297 laeta

332 1319 398 1382 in
427 1316 639 1382 medio
666 1336 908 1400 pascua
932 1314 1188 1398 habuit,
1210 1313 1338 1389 ,ubi
1368 1315 1576 1379 omnis
1604 1317 1857 1400 generis
1896 1339 2150 1383 sacrum
2189 1319 2344 1385 deae

261 1416 296 1465 5
330 1427 526 1490 pecus
553 1405 942 1488 pascebatur
968 1401 1105 1468 sine
1133 1404 1265 1467 ullo
1293 1404 1581 1487 pastore;
1610 1405 2087 1491 separatimque
2116 1427 2344 1494 greges

333 1495 434 1559 sui
470 1495 775 1578 cuiusque
805 1492 1059 1578 generis
1088 1495 1276 1558 nocte
1306 1491 1684 1557 remeabant
1721 1494 1804 1558 ad
1841 1494 2127 1579 stabula,
2164 1518 2344 1561 num-

332 1605 526 1668 quam
578 1582 831 1647 insidiis
886 1581 1207 1664 ferarum,‘
1247 1602 1380 1646 non
1430 1579 1654 1645 fraude
1711 1582 1938 1646 violati
1989 1582 2346 1652 hominum.

261 1681 294 1729 6
332 1671 555 1754 magni
598 1671 802 1754 igitur
845 1669 1102 1750 fructus
1151 1690 1228 1733 ex
1273 1690 1349 1733 eo
1402 1689 1631 1751 pecore
1676 1670 1877 1752 capti,
1922 1672 2345 1756 columnaque

330 1757 476 1820 inde
542 1778 738 1824 aurea
800 1755 1011 1825 solida
1072 1755 1247 1820 facta
1300 1759 1367 1819 et
1429 1760 1683 1822 sacrata
1736 1761 1861 1840 est;
1926 1757 2343 1843 inclitumque

263 1856 294 1904 '7
332 1845 661 1927 templum⁴
684 1843 927 1917 divitiis
967 1840 1188 1927 etiam,
1225 1846 1359 1909 non
1380 1847 1653 1910 tantum
1691 1845 2037 1910 sanctitate
2062 1846 2204 1912 fuit.
2270 1870 2343 1912 ac

332 1932 643 2021 miracula
671 1932 890 2017 aliqua
918 1930 1279 2017 adfingunt,
1305 1935 1380 1998 ut
1406 1933 1783 2018 plerumque
1811 1938 1949 1999 tam
1976 1929 2342 2021 insignibus

329 2022 510 2087 lociS.
598 2020 772 2085 fama
819 2024 918 2085 est
963 2043 1143 2096 aram
1190 2042 1329 2086 esse
1375 2022 1445 2104 in
1489 2022 1809 2087 vestibulo
1856 2023 2115 2107 templi,
2160 2024 2342 2089 cuius

258 2121 294 2171 8
332 2110 610 2175 cinerem
653 2106 871 2175 nullus
918 2131 1223 2195 umquam
1259 2114 1517 2175 moveat
1557 2113 1802 2175 ventus.
1855 2109 1990 2176 *sed
2035 2134 2149 2176 arx
2196 2110 2346 2177 Cro-

329 2198 504 2283 tonis
563 2220 693 2262 una
747 2203 932 2282 parte
992 2198 1332 2262 imminens
1391 2198 1583 2281 mari,
1650 2198 1856 2263 altera
1914 2204 2217 2284 vergente
2276 2201 2345 2263 in

330 2305 583 2369 agrum,
630 2285 760 2350 situ
806 2289 1060 2350 tantum
1104 2285 1391 2350 naturali
1427 2285 1749 2369 quondam
1786 2285 2063 2369 munita,
2110 2291 2342 2369 postea

331 2378 396 2436 et
433 2394 615 2437 muro
655 2372 866 2436 cincta
902 2377 1026 2455 est,
1064 2369 1190 2456 qua
1226 2394 1343 2456 per
1379 2392 1636 2437 aversas
1674 2394 1868 2456 rupes
1906 2373 1986 2438 ab
2024 2372 2343 2459 Dionysio

260 2472 292 2520 9
331 2458 587 2525 Siciliae
631 2464 912 2544 tyranno
949 2482 1064 2543 per
1100 2461 1320 2524 dolum
1358 2460 1571 2524 fuerat
1606 2464 1814 2544 capta.
1887 2482 1963 2525 ea
2008 2465 2150 2526 tum
2198 2485 2368 2544 arce

331 2549 522 2632 satiS,
567 2550 643 2612 ut
675 2548 1041 2631 videbatur,
1086 2550 1230 2613 tuta
1277 2546 1729 2612 Crotoniatum
1776 2549 2124 2631 optimates
2170 2555 2343 2615 tene-

328 2637 491 2702 bant
535 2658 628 2719 se,
685 2636 1184 2700 circumsedente
1238 2657 1384 2700 cum
1430 2636 1705 2701 Bruttiis
1762 2657 1871 2701 eos
1917 2637 2113 2702 etiam
2156 2639 2345 2722 plebe

228 2736 294 2785 10
332 2747 464 2791 sua.
513 2728 842 2808 postremo
869 2722 1137 2805 Bruttii,
1165 2744 1311 2788 cum
1340 2722 1471 2788 suis
1501 2724 1747 2788 viribus
1778 2725 2345 2808 inexpugnabilem

329 2812 624 2877 viderent
669 2833 905 2894 arcem,
951 2811 1155 2875 coacti
1199 2812 1587 2876 necessitate
1632 2810 1973 2876 Hannonis
2035 2813 2345 2878 auxilium

228 2912 291 2960 11
331 2901 677 2983 inplorant.
740 2900 797 2962 is
835 2898 935 2963 his
979 2898 1459 2963 condicionibus
1503 2898 1582 2962 ad
1630 2897 2021 2963 deditionem
2066 2901 2343 2983 compel-

329 2990 460 3052 lere
507 2984 916 3053 Crotoniates
973 2989 1267 3069 conatus,
1315 2989 1389 3050 ut
1442 2985 1761 3050 coloniam
1807 2984 2211 3049 Bruttiorum
2271 3009 2345 3051 eo

329 3075 558 3140 deduci
625 3075 1078 3158 antiquamque
1133 3073 1568 3157 frequentiam
1623 3073 1906 3156 recipere
1961 3076 2214 3139 vastam
2275 3095 2350 3139 ac

332 3163 652 3228 desertam
707 3162 896 3227 bellis
950 3162 1178 3227 urbem
1232 3165 1636 3244 paterentur,
1683 3160 1971 3225 omnium
2026 3162 2349 3226 neminem

229 3264 294 3312 12
332 3255 591 3334 praeter
634 3249 1163 3315 Aristomachum
1216 3249 1439 3314 movit.
1530 3248 1878 3314 morituros
1933 3270 2002 3313 se
2056 3248 2351 3313 adfirma-

332 3342 495 3403 bant
552 3339 742 3404 citius
802 3360 996 3422 quam
1055 3336 1313 3401 inmixti
1374 3336 1652 3401 Bruttiis
1719 3337 1789 3401 in
1848 3336 2096 3402 alienos
2167 3336 2352 3414 rituS,

156 3496 158 3500 ,
331 3449 544 3493 mores
607 3427 910 3513 legesque
970 3448 1046 3491 ac
1106 3446 1256 3490 mox
1315 3425 1610 3509 linguam
1671 3425 1871 3490 etiam
1931 3427 2354 3489 verterentur.

227 3528 293 3576 13
334 3516 824 3581 Aristomachus
854 3536 1038 3600 unus,
1064 3513 1321 3599 quando
1350 3534 1468 3577 nec
1497 3513 1823 3578 suadendo
1853 3510 1936 3577 ad
1963 3512 2350 3590 deditionem
