2654 3913
605 241 819 296 L1BER
856 242 1055 298 XXVI.
1128 241 1280 295 CAP.
1320 249 1405 298 27.
1444 248 1528 298 28.
1604 245 1680 314 [a.
1720 243 1777 297 O.
1817 247 1946 315 210]
2158 247 2287 311 145

271 384 499 449 haberi
544 389 769 469 coepta
816 391 940 469 est,
986 386 1144 450 fassi
1189 407 1439 470 omnes,
1486 391 1680 470 atque
1725 388 1793 450 in
1831 387 2121 452 dominos
2162 409 2291 452 ser·

273 494 515 556 vosque
545 476 830 539 conscios
870 474 1383 538 animadversum
1422 479 1539 540 est.
1611 474 1807 539 indici
1835 475 2106 540 libertas
2136 474 2291 541 data

275 563 343 625 et
384 561 618 645 viginti
663 562 849 627 milia
896 564 1083 627 aeris,

450 648 714 715 Consuli
759 649 1041 714 Laevino
1090 648 1378 733 Capuam
1422 652 1861 734 praetereunti
1906 651 2292 716 circumfusa
2331 663 2397 712 10

274 737 621 802 multitudo
678 734 1156 821 Campanorum
1217 743 1318 802 est
1372 739 1850 804 obsecrantium
1906 761 2049 804 cum
2104 740 2289 805 lacri-

274 826 420 909 mis,
478 830 554 889 ut
608 825 733 890 sibi
778 825 1050 890 Romam
1113 826 1193 889 ad
1241 830 1535 891 senatum
1589 830 1683 892 ire
1738 828 1962 893 liceret
2015 832 2291 909 oratum,

275 913 332 976 si
386 935 514 997 qua
565 913 1008 978 misericordia
1060 912 1322 979 tandem
1376 916 1548 980 flecti
1600 920 1891 999 possent,
1945 938 2029 981 ne
2085 938 2153 981 se
2209 918 2292 982 ad

272 1000 577 1066 ultimum
647 1001 973 1086 perditum
1043 1003 1216 1067 irent
1281 1023 1640 1087 nomenque
1706 1001 2186 1088 Campanorum
2252 1027 2292 1069 a

274 1088 348 1163 Q.
376 1088 606 1154 Flacco
645 1089 841 1154 deleri
879 1091 1179 1155 sinerent.
1248 1089 1516 1156 Flaccus
1557 1092 1683 1156 sibi
1709 1093 2032 1176 privatam
2072 1095 2291 1158 simul·
2332 1103 2395 1151 11

271 1180 476 1241 tatem
539 1199 685 1242 cum
751 1176 1100 1262 Campanis
1164 1200 1405 1263 negare
1476 1180 1681 1244 ullam
1753 1202 1921 1264 esse3
1994 1182 2288 1264 publicas

271 1265 648 1330 inimicitias
706 1269 772 1329 et
828 1287 966 1330 esse
1025 1272 1092 1331 et
1145 1267 1422 1351 futuras,
1476 1268 1688 1351 quoad
1746 1290 1821 1334 eo
1878 1270 2093 1333 animo
2151 1292 2290 1334 esse

191 1431 195 1436 .
273 1373 430 1436 erga
465 1354 781 1437 populum
815 1354 1180 1417 Romanum
1217 1356 1428 1418 sciret.
1499 1355 1745 1419 nullam
1785 1356 1954 1419 enim
1991 1357 2061 1420 in
2096 1359 2288 1421 terris
2331 1364 2396 1412 12

275 1444 535 1525 gentem
581 1462 747 1524 esse,
790 1441 1047 1505 nullum
1092 1441 1495 1505 infestiorem
1530 1441 1843 1525 populum
1877 1444 2129 1508 nomini
2165 1444 2291 1509 Ro·

269 1549 484 1593 mano.
552 1526 697 1593 ideo
745 1549 812 1592 se
858 1529 1194 1594 moenibus
1239 1529 1522 1593 inclusos
1558 1534 1779 1594 tenere
1826 1552 1963 1612 eos,
2009 1531 2188 1616 quia,
2234 1534 2292 1598 si

274 1616 384 1699 qui
440 1617 800 1680 evasissent
853 1615 1097 1701 aliqua,
1158 1618 1338 1682 velut
1396 1616 1568 1682 feras
1623 1618 1870 1683 bestias
1924 1640 2041 1702 per
2096 1640 2289 1704 agros
2353 1679 2355 1682 ,

272 1703 498 1789 vagari
563 1707 630 1768 et
691 1704 937 1768 laniare
1003 1710 1072 1769 et
1132 1705 1453 1770 trucidare
1517 1706 1961 1791 quodcumque
2028 1708 2289 1773 obvium

275 1790 480 1858 detur.
543 1792 707 1857 alios
746 1792 825 1856 ad
861 1791 1293 1858 Hannibalem
1327 1793 1783 1879 transfugisse,
1825 1796 1987 1861 alios
2035 1797 2114 1861 ad
2160 1796 2290 1861 Ro·
2331 1806 2395 1854 13

275 1903 446 1945 mam
491 1879 953 1945 incendendam
1000 1882 1345 1966 profectos.
1419 1883 1835 1947 inventurum
1883 1884 1960 1950 ,in
2005 1889 2289 1949 semusto

274 1969 416 2033 foro
464 1970 793 2034 consulem
838 1970 1116 2054 vestigia
1161 1971 1423 2035 sceleris
1470 1969 1963 2054 Campanorum.
2048 1972 2290 2038 Vestae
2331 1983 2397 2030 14

277 2058 499 2121 aedem
542 2058 816 2139 petitam
854 2061 920 2121 et
955 2062 1250 2122 aeternos
1288 2058 1473 2142 ignes
1522 2063 1587 2122 et
1634 2059 1965 2124 conditum
2002 2061 2069 2123 in
2106 2082 2291 2143 pene-

275 2144 430 2208 trali
475 2144 676 2210 fatale
711 2145 947 2228 pignus
984 2145 1217 2229 imperi
1253 2145 1548 2209 Romani.
1626 2168 1694 2210 se
1730 2147 1997 2212 minime
2036 2169 2289 2212 censere

274 2237 488 2297 tutum
561 2253 702 2298 esse
766 2231 1112 2316 Campanis
1179 2236 1572 2316 potestatem
1644 2234 1933 2300 intrandi
1995 2234 2292 2302 Romana

276 2321 531 2386 moenia
559 2320 716 2386 fieri.
779 2316 1100 2386 Laevinus
1129 2318 1493 2405 Campanos
1522 2323 1661 2386 iure
1689 2324 1961 2389 iurando
1990 2347 2029 2389 a
2056 2323 2287 2390 Flacco
2331 2333 2396 2382 15

277 2409 564 2495 adactos,
608 2411 832 2492 quinto
888 2409 1007 2489 die,
1044 2432 1237 2494 quam
1287 2411 1370 2474 ab
1418 2415 1646 2476 senatu
1691 2433 2068 2496 responsum
2116 2435 2288 2478 acce-

275 2494 842 2578 pissent‚Capuam
877 2498 1224 2582 redituros,
1262 2499 1442 2582 sequi
1484 2521 1550 2563 se
1579 2498 1855 2564 Romam
1890 2500 2094 2564 iussit.
2166 2501 2289 2565 hac
2333 2511 2395 2558 16

278 2582 697 2647 circumfusus
733 2584 1174 2666 multitudine,
1210 2585 1406 2648 simul
1445 2583 1679 2650 Siculis
1718 2587 1976 2651 obviam
2015 2587 2291 2669 egressis

280 2669 642 2753 secutisque
701 2668 1001 2751 Romam,
1054 2670 1357 2754 praebuit
1411 2673 1663 2752 speciem
1715 2673 1971 2737 dolentis
2024 2675 2293 2738 duarum

278 2757 781 2823 clarissimarum
853 2757 1107 2822 urbium
1181 2758 1428 2823 excidio
1496 2781 1572 2824 ac
1634 2759 2063 2824 celeberrimis
2132 2761 2292 2825 viris

279 2847 484 2911 victos
532 2845 704 2910 bello
753 2850 1156 2917 accusatores
1203 2846 1272 2910 in
1315 2847 1542 2911 urbem
1589 2847 1983 2934 adducentis.

452 2933 551 2998 De
614 2955 684 2997 re
748 2934 1008 3017 publica
1062 2938 1282 2999 tamen
1342 2935 1623 3018 primum
1679 2958 1752 3000 ac
1810 2934 1887 2999 de
1941 2936 2290 3020 provinciis
2333 2946 2396 2994 17
2457 2960 2461 2963 ’

278 3021 469 3087 ambo
499 3022 796 3087 consules
835 3023 915 3086 ad
955 3026 1250 3087 senatum
1287 3024 1613 3088 rettulere.
1675 3022 1975 3088 XXVIH.
2013 3025 2109 3089 ibi
2133 3023 2290 3090 Lae·
2333 3036 2357 3081 1

277 3109 493 3194 vinuS,
540 3131 665 3193 quo
713 3113 889 3175 statu
923 3109 1302 3176 Macedonia
1348 3115 1412 3175 et
1450 3110 1745 3196 Graecia,
1799 3111 2045 3197 Aetoli,
2093 3112 2289 3178 Acar-

275 3219 474 3262 nanes
527 3196 841 3282 Locrique
900 3201 1141 3284 essent,
1201 3222 1487 3284 quasque
1540 3201 1631 3264 ibi
1690 3222 1793 3264 res
1852 3200 1991 3284 ipse
2049 3202 2293 3283 egisset

276 3290 454 3350 terra
481 3286 797 3370 marique,
826 3287 1148 3370 exposuit:
1187 3287 1590 3371 Philippum,
1627 3287 2010 3352 inferentem
2047 3288 2291 3352 bellum
2330 3300 2363 3346 2

278 3373 554 3456 Aetolis,
599 3375 669 3438 in
711 3373 1160 3440 Macedoniam
1205 3380 1379 3440 retro
1429 3375 1509 3440 ab
1559 3397 1627 3439 se
1666 3375 2042 3459 conpulsum
2080 3375 2159 3438 ad
2197 3376 2292 3440 in-

279 3464 459 3528 tuma
510 3462 767 3546 penitus
822 3464 1008 3548 regni
1061 3463 1300 3547 abisse,
1355 3463 1805 3549 legionemque
1860 3463 2007 3527 inde
2067 3462 2292 3528 deduci

282 3571 496 3634 posse3
552 3551 827 3617 classem
882 3552 1044 3618 satis
1100 3573 1239 3617 esse
1296 3551 1379 3617 ad
1425 3553 1770 3617 arcendum
1816 3551 2012 3617 Italia
2055 3572 2294 3638 regem.

384 3664 434 3705 tr.
461 3662 606 3706 nm
661 3665 751 3706 111.
1804 3660 1870 3709 10
