2654 3913
353 151 483 214 104
717 149 934 203 LIBER.
969 148 1139 204 xxv.
1215 148 1369 204 CAP.
1408 153 1494 204 38.
1570 148 1641 219 [a.
1681 149 1746 203 U.
1785 166 1830 203 ο.
1870 148 1997 219 542]

349 294 562 361 facere
615 295 834 377 potest
878 291 1039 357 mihi
1084 292 1208 357 hoc
1253 292 1628 377 imperium,
1683 295 1755 356 ut
1800 291 2087 375 amplum
2130 289 2367 355 iudicio

351 386 585 466 vestm,
629 384 724 446 ita
767 403 838 446 re
875 381 1018 464 ipsa
1053 402 1250 465 grave
1291 402 1367 446 ac
1405 380 1758 447 sollicitum
1795 401 1953 445 esse.
2027 400 2180 481 quo·
2196 379 2365 444 enim

280 483 316 531 3
334 474 661 569 tempore,
704 470 835 534 nisi
878 472 1109 534 metus
1135 491 1491 534 maerorem
1536 467 2073 569 obstupefaceret,
2119 468 2228 531 vix
2272 466 2367 530 ita

354 580 618 661 compos
672 556 801 622 mei
855 578 1086 640 essem,
1140 561 1215 622 ut
1269 558 1490 641 aliqua
1543 557 1786 622 solacia
1838 555 2125 620 invenire
2172 574 2366 638 aegro

353 648 571 711 animo
628 668 915 747 possem,
973 665 1168 728 cogor
1221 649 1502 709 vestram
1558 645 1842 710 omnium
1899 644 2130 727 vicem,
2194 642 2367 726 quod

279 747 318 795 4
355 734 809 800 difficillimum
854 734 924 797 in
968 734 1144 798 luctu
1189 739 1307 817 est,
1353 755 1517 797 unus
1565 733 1913 798 consulere.
1988 735 2054 795 et
2096 752 2177 795 110
2222 735 2366 795 111111

353 823 633 907 quidem,
707 822 845 904 ubi,
917 842 1196 903 quonam
1269 822 1461 885 modo
1534 821 1654 885 has
1718 820 2029 905 reliquias
2094 819 2366 883 duorum

353 909 748 974 exercituum
821 908 1074 990 patriae
1148 929 1530 972 conservare
1601 908 1875 992 possim,
1948 907 2366 993 cogitandum

281 1009 315 1057 5
354 1000 472 1079 est,
508 1000 799 1061 avertere
838 995 1125 1058 animum
1164 996 1246 1058 ab
1277 995 1536 1059 assiduo
1567 1017 1853 1060 maerore
1880 996 2052 1060 licet.
2106 998 2366 1080 praesto

353 1087 454 1148 est
499 1084 671 1147 enim
717 1082 949 1147 acerba
992 1082 1321 1166 memoria,
1367 1086 1432 1146 et
1469 1073 1804 1165 Scipiones
1851 1104 1955 1146 me
2001 1086 2195 1149 ambo
2232 1084 2367 1147 dies

350 1174 700 1255 noctesque
747 1170 916 1236 curis
953 1169 1418 1253 insomniisque
1455 1171 1709 1255 agitant
1746 1174 1813 1234 et
1849 1170 2135 1234 excitant
2171 1192 2367 1253 saepe

280 1275 315 1322 o
354 1280 610 1344 somn0‚
666 1281 792 1324 neu
848 1280 944 1343 se,
996 1279 1122 1323 neu
1175 1258 1449 1323 invictos
1504 1280 1619 1341 per
1673 1261 1821 1323 octo
1877 1279 2082 1323 annos
2139 1258 2209 1322 111
2260 1258 2366 1324 his

351 1348 546 1414 terris
610 1348 852 1412 milites
918 1368 1067 1412 suos
1078 1398 1096 1431 ,
1146 1346 1643 1412 *commilitones
1697 1350 1978 1430 vestroe,
2040 1368 2165 1412 neu
2227 1368 2365 1411 rem

351 1436 678 1520 publicam
722 1436 938 1520 patiar
982 1436 1287 1519 inultam,
1335 1439 1401 1500 et
1444 1457 1629 1502 suam
1675 1434 2080 1519 disciplinam
2126 1457 2366 1519 suaque

279 1538 316 1587 '1
352 1526 655 1591 instituta
711 1523 892 1609 sequi
946 1524 1172 1589 iubent
1226 1528 1318 1606 et,
1372 1528 1448 1588 ut
1501 1524 1789 1609 imperiis
1836 1525 2130 1589 vivorum
2176 1545 2365 1587 nemo

355 1612 797 1678 oboedientior
855 1633 957 1675 me
1015 1632 1143 1676 uno
1197 1610 1417 1694 fuerit,
1458 1611 1573 1692 ‚ita
1625 1615 1777 1693 post
1830 1615 2106 1676 mortem
2163 1633 2366 1692 suam,

354 1701 525 1783 quod
578 1701 644 1763 in
699 1719 946 1782 quaque
1000 1720 1069 1761 re
1115 1698 1401 1761 facturos
1451 1698 1603 1762 illos
1650 1698 1850 1762 fuisse
1896 1698 2175 1762 maxime
2222 1718 2362 1762 cen-

281 1802 316 1849 8
356 1808 550 1869 seam,
595 1786 662 1849 id
708 1785 1022 1867 optimum
1068 1784 1309 1849 ducere.
1384 1805 1498 1848 vos
1546 1805 1798 1867 quoque
1845 1784 2059 1867 velim,
2105 1784 2365 1867 milites,

350 1895 482 1939 11011
525 1873 826 1937 lamentis
874 1870 1284 1955 lacrimisque
1331 1874 1663 1956 tamquam
1704 1871 2023 1937 extinctos
2058 1873 2366 1956 prosequi

356 1999 433 2009 —
494 1963 717 2028 vivunt
772 1961 1122 2046 vigentque
1175 1960 1352 2026 fama
1404 1983 1623 2026 rerum
1678 1964 2011 2046 gestarum
2071 1996 2181 2045 -,
2235 1961 2364 2043 sed,

355 2051 926 2136 quotienscumque
990 2052 1279 2116 occurret
1344 2049 1657 2115 memoria
1714 2050 2002 2133 illorum,
2067 2050 2245 2115 velut
2309 2051 2363 2114 si

357 2139 761 2206 adhortantis
808 2140 1190 2223 signumque
1238 2138 1450 2204 dantis
1502 2138 1776 2204 videatis
1815 2161 1945 2219 eos,
1991 2139 2085 2202 ita
2119 2138 2366 2222 proelia
2431 2184 2440 2193 .

284 2243 317 2290 9
355 2228 537 2292 inire.
627 2247 747 2291 nec
801 2226 928 2291 alia
979 2227 1270 2309 profecto
1326 2226 1573 2309 species
1629 2226 1932 2291 hesterno
1990 2227 2093 2289 die
2142 2226 2364 2290 oblata

290 2378 295 2381 ,
356 2314 556 2379 oculis
606 2314 959 2396 animisque
1005 2314 1240 2378 vestris
1286 2313 1703 2377 memorabile
1747 2313 1911 2376 illud
1949 2312 2149 2376 edidit
2182 2335 2364 2395 proe-

354 2401 547 2483 lium,
577 2421 704 2483 quo
751 2399 1203 2463 documentum
1244 2398 1510 2463 dedistis
1547 2398 1847 2463 hostibus
1882 2421 2013 2465 non
2050 2421 2194 2482 cum
2231 2397 2363 2464 Sci-

268 2501 337 2550 10
354 2487 656 2572 pionibus
713 2487 1067 2552 extinctum
1123 2508 1262 2551 esse
1316 2508 1556 2551 nomen
1607 2485 1974 2552 Romanum
2030 2492 2122 2571 et,
2181 2488 2362 2553 cuius

354 2576 582 2661 populi
626 2576 723 2641 vis
772 2579 966 2659 atque
1003 2575 1207 2641 virtus
1242 2596 1376 2640 non
1413 2575 1648 2639 obruta
1684 2576 1773 2640 sit
1809 2538 2129 2642 Cannensi
2166 2576 2363 2659 clade,

359 2687 435 2730 ex
495 2664 671 2730 omni
727 2663 1017 2749 profecto
1076 2664 1347 2729 saevitia
1401 2663 1700 2731 fortunae
1756 2685 2150 2730 emersuram
2207 2685 2362 2728 esse.

268 2764 551 2838 111111110,
606 2752 758 2836 quia
809 2756 1064 2817 tantum
1121 2753 1263 2817 ahsi
1319 2753 1477 2818 estis
1533 2756 1761 2835 sponte
1807 2756 2045 2835 vestra,
2090 2751 2363 2836 experiri

356 2841 544 2924 libet,
617 2843 929 2924 quantum
1003 2840 1293 2905 audeatis
1366 2840 1523 2905 duce
1590 2844 1805 2905 vestro
1868 2843 2144 2904 auctore.
2231 2861 2364 2905 non

356 2928 527 2992 enim
569 2929 873 2993 hesterno
922 2928 1042 3012 die,
1088 2950 1232 2993 cum
1277 2929 1538 3012 signum
1579 2928 1869 3011 receptui
1916 2927 2058 2992 dedi
2100 2949 2363 3013 sequen-

354 3015 530 3080 tibus
570 3016 765 3079 effuse
802 3016 987 3080 vobis
1023 3017 1362 3081 turbatum
1398 3016 1671 3099 hostem,
1707 3016 2005 3099 frangere
2034 3017 2363 3082 audaciam

355 3106 656 3185 vestram,
694 3103 805 3167 sed
842 3103 1096 3168 differre
1133 3103 1203 3168 in
1238 3105 1547 3169 maiorem
1586 3103 1864 3189 gloriam
1902 3108 2097 3189 atque
2134 3127 2362 3189 oppor-

270 3205 337 3253 12
359 3192 708 3257 tunitatem
779 3191 986 3276 volui,
1058 3195 1134 3258 ut
1203 3192 1547 3276 postmodo
1621 3193 1992 3277 praeparati
2056 3194 2362 3274 incautos,

359 3280 597 3346 armati
654 3279 932 3344 inermes
988 3283 1180 3365 atque
1237 3281 1436 3345 etiam
1496 3282 1742 3364 sopitos
1796 3303 1911 3364 per
1966 3282 2362 3346 occasionem

360 3369 623 3452 adgredi
669 3370 963 3452 possetis
1053 3390 1171 3435 nec
1215 3368 1408 3435 huius
1456 3369 1812 3435 occasionis
1860 3390 2060 3453 spem,
2104 3367 2364 3449 milites,

270 3466 338 3515 13
360 3454 527 3519 forte
566 3460 823 3543 temere,
862 3455 972 3521 sed
1010 3478 1086 3522 ex
1132 3479 1200 3547 re
1237 3458 1383 3542 ipsa
1420 3460 1790 3542 conceptam
1821 3456 2048 3520 habeo.
2113 3476 2151 3519 a
2179 3455 2364 3520 vobis
2445 3483 2452 3496 =
