2654 3913
626 151 844 205 LIBER
877 151 1070 207 XXVI.
1146 152 1297 207 CAP.
1336 160 1420 208 32.
1460 161 1544 209 33.
1620 156 1693 225 [a.
1733 154 1790 211 C.
1821 159 1958 225 210]
2177 156 2301 219 151

288 294 674 360 introductis
731 293 966 361 Siculis
1032 300 1294 362 senatus
1361 300 1724 363 consultum
1786 300 2130 364 recitabam
2189 304 2305 381 est,

288 383 614 467 legatique
677 383 954 467 benigne
1019 385 1336 468 appellati
1390 406 1465 451 ac
1518 386 1770 451 dimissi
1826 387 1906 451 ad
1962 407 2175 473 genua
2236 408 2305 452 se
2342 398 2376 445 8

293 470 584 535 Marcelli
619 471 900 536 consulis
935 471 1343 554 proiecerunt
1370 468 1410 509 ’¹‘
1438 472 1506 533 et
1545 470 1976 553 obsecrantes,
2011 472 2104 552 ut,
2142 490 2306 552 quae

297 559 719 660 deplorandae
775 579 850 624 ac
907 558 1218 624 levandae
1273 557 1665 623 calamitatis
1720 579 1917 623 causa
1975 557 2306 639 dixissent,

293 646 546 713 veniam
584 647 675 711 eis
721 647 910 711 daret
953 650 1021 711 et
1063 647 1133 711 in
1176 646 1370 710 fidem
1409 645 1904 730 clientelamque
1941 666 2010 710 se
2055 645 2306 709 urbem-

293 757 415 819 que
445 733 800 818 Syracusas
829 735 1167 818 acciperet.
1208 734 1526 819 pollicens
1558 734 1683 799 hoc
1710 734 1934 798 consul
1961 733 2308 798 clementer

293 823 657 908 appellatos
706 844 815 887 eos
864 822 1126 888 dimisit.

461 912 767 978 XXXIII.
813 910 1164 996 Campanis
1203 913 1429 978 deinde
1466 919 1727 980 senatus
1760 915 1950 980 datus
1989 920 2114 999 est,
2152 936 2304 999 quo·
2346 928 2371 972 1

285 1023 431 1066 rum
459 1001 671 1065 oratio
702 1001 1162 1086 miserabilior,
1196 1024 1390 1067 causa
1419 1002 1639 1068 durior
1666 1007 1822 1068 erat.
1893 1024 2102 1087 neque
2132 1004 2305 1068 enim
2341 1015 2373 1061 2

285 1089 552 1153 meritas
605 1111 854 1172 poenas
907 1111 1150 1176 negare
1212 1094 1544 1175 poterant,
1599 1114 1718 1157 nec
1777 1092 2043 1176 tyranni
2106 1095 2306 1174 erant,

285 1178 355 1241 in
401 1199 563 1262 quos
610 1177 865 1261 culpam
922 1178 1312 1265 conferrent;
1367 1179 1479 1244 sed
1534 1180 1695 1244 satis
1748 1202 2022 1264 pensum
2074 1201 2308 1263 poena-

284 1287 429 1329 rum
474 1268 580 1331 tot
619 1287 865 1330 veneno
913 1266 1303 1349 absumptiS,
1358 1269 1462 1331 tot
1507 1268 1715 1331 securi
1758 1268 2081 1350 percussis
2128 1289 2307 1332 sena-

283 1354 538 1418 toribus
603 1354 974 1418 credebant·
1036 1374 1277 1435 paucos
1331 1353 1652 1418 nobilium
1717 1374 2080 1436 superesse,
2144 1375 2305 1438 quos
2343 1366 2376 1413 3

285 1462 405 1505 nec
452 1462 570 1505 sua
615 1440 1032 1541 cpnscientia,
1091 1443 1165 1504 ut
1211 1440 1557 1524 quicquam
1603 1440 1683 1505 de
1729 1462 1798 1504 se
1831 1440 2109 1534 gravius
2156 1462 2307 1505 con-

288 1529 606 1611 sulerent,
643 1528 1001 1611 impulerit,
1037 1548 1154 1593 nec
1179 1528 1445 1594 victoris
1484 1529 1584 1593 ira
1618 1522 1851 1612 capitis
1865 1527 2307 1614 damnaverit3

288 1638 398 1683 eos
445 1616 818 1681 libertatem
867 1616 994 1680 sibi
1039 1616 1300 1699 suisque
1347 1621 1413 1681 et
1456 1618 1772 1681 bonorum
1833 1617 2118 1700 aliquam
2162 1639 2307 1702 par-

286 1709 420 1770 tem
467 1726 676 1788 orare,
733 1704 903 1769 cives
957 1703 1286 1770 Romanos
1344 1704 1787 1770 adfinitatibus
1827 1705 2186 1789 plerosque
2243 1709 2309 1771 et

285 1792 666 1876 propinquis
742 1792 940 1858 etiam
1005 1793 1496 1879 cognationibus
1572 1815 1649 1857 ex
1712 1794 1984 1859 conubio
2048 1796 2306 1859 vetusto

286 1882 560 1946 iunctos,
643 1882 981 1946 summotis
1030 1881 1257 1947 deinde
1305 1904 1339 1945 e
1386 1883 1633 1966 templo
1681 1882 2011 1967 paulisper
2057 1881 2306 1947 dubita·
2342 1892 2378 1941 4

287 1973 454 2052 tum,
519 1991 605 2032 an
672 1971 1083 2034 arcessendus
1149 1993 1188 2034 a
1246 1968 1468 2054 Capua
1531 1970 1604 2046 Q.
1658 1969 1922 2034 Fulvius
1989 1975 2157 2035 esset
2225 2006 2301 2017 —

288 2059 584 2121 mortuus
641 2056 813 2120 enim
866 2061 1019 2140 post
1079 2061 1337 2140 captam
1382 2056 1691 2122 Claudius
1747 2057 1972 2122 consul
2018 2061 2159 2122 erat
2204 2094 2308 2141 —,

286 2150 359 2209 ut
415 2165 634 2208 coram
693 2144 1111 2228 imperatore,
1181 2145 1292 2228 qui
1352 2165 1454 2209 res
1515 2142 1852 2228 gessisset,
1912 2143 2082 2208 sicut
2136 2143 2307 2209 inter

288 2231 670 2298 Marcellum
699 2229 1072 2316 Siculosque
1100 2232 1533 2315 disceptatum
1560 2232 1791 2316 fuerat,
1820 2232 2307 2315 disceptaretur.

289 2320 438 2385 dein
466 2342 611 2386 cum
639 2319 724 2386 Μ.
754 2319 1050 2405 Atilium,
1077 2319 1146 2387 C.
1165 2320 1466 2386 Fulvium
1492 2322 1763 2386 fratrem
1791 2319 2028 2404 Flacci,
2054 2321 2305 2406 legatos
2343 2332 2376 2381 5

290 2411 456 2493 eius,
504 2412 570 2474 et
616 2409 690 2484 Q.
726 2408 1084 2475 Minucium
1132 2413 1198 2475 et
1242 2408 1311 2474 L.
1350 2409 1694 2475 Veturium
1737 2409 2107 2494 Philonem,
2146 2411 2340 2476 item

292 2460 545 2562 Claudii
581 2497 863 2580 legatOS,
900 2520 943 2581 q
1048 2498 1347 2562 omnibus
1385 2498 1683 2582 gerendis
1718 2498 1913 2562 rebus
1952 2461 2307 2581 adfiierant,

289 2586 358 2649 in
404 2587 632 2648 senatu
676 2519 1139 2648 viderentmfflec
1182 2584 1481 2649 Fulvium
1529 2585 1787 2649 avocari
1842 2605 1882 2647 a
1926 2583 2148 2667 Capua
2190 2606 2308 2648 nec

291 2672 534 2737 differri
578 2669 941 2755 Campanos
987 2671 1257 2755 vellent,
1301 2672 1740 2755 interrogatus
1788 2671 2179 2736 sententiam
2221 2670 2306 2735 M.
2346 2685 2378 2732 6

291 2760 531 2825 Atilius
569 2759 884 2844 Regulus,
931 2759 1110 2824 cuius
1157 2780 1236 2823 ex
1278 2759 1389 2841 iis,
1435 2759 1544 2843 qui
1588 2759 1670 2823 ad
1708 2756 2001 2842 Capuam
2035 2758 2310 2843 fuerant,

290 2850 573 2913 maxima
627 2848 980 2912 auctoritas
1037 2850 1206 2930 erat,
1253 2844 1378 2910 “in
1432 2845 1759 2911 consilio''
1816 2844 2101 2930 inquit‘
2108 2844 2307 2910 ‘arbi-
2346 2859 2378 2907 ’1

289 2940 429 3000 tror
482 2957 585 3000 me
630 2935 830 3000 fuisse
877 2934 1279 3018 consulibuS,
1325 2932 1548 3018 Capua
1603 2938 1793 3018 capta
1848 2956 1993 2999 cum
2048 2955 2309 3019 quaere-

291 3027 495 3107 retur,
542 3024 722 3108 ecqui
770 3014 1244 3107 Campanorum
1289 3024 1452 3087 bene
1498 3024 1765 3088 meritus
1812 3023 1890 3088 de
1935 3044 2005 3087 re
2049 3022 2310 3106 publica

290 3117 515 3177 nostra
560 3115 747 3177 esset.
837 3111 993 3177 duas
1048 3112 1349 3177 mulieres
1406 3115 1782 3194 conpertum
1839 3114 1964 3195 est,
2009 3110 2309 3176 Vestiam
2344 3121 2379 3170 8

292 3199 570 3284 Oppiam
633 3199 1005 3264 Atellanam
1069 3197 1326 3284 Capuae
1399 3199 1808 3264 habitantem
1872 3203 1939 3264 et
1999 3198 2308 3263 Paculam

291 3287 608 3373 Cluviam,
627 3310 789 3372 quae
816 3287 1137 3372 quondam
1165 3292 1507 3374 quaestum
1536 3308 1804 3370 corpore
1824 3287 2106 3370 fecisset,
2123 3286 2310 3350 illam

291 3377 524 3442 cotidie
579 3375 978 3441 sacrificasse
1030 3398 1148 3460 pro
1205 3378 1411 3441 salute
1470 3380 1535 3440 et
1579 3375 1854 3441 victoria
1905 3337 2137 3459 populi
2181 3374 2309 3439 Ro-

291 3466 492 3550 mani,
537 3465 707 3529 hanc
745 3463 1019 3547 captivis
1061 3464 1403 3548 egentibus
1441 3464 1754 3529 alimenta
1799 3463 1969 3529 clam
2007 3462 2308 3548 suppedi-
