2654 3913
623 216 836 270 mena
872 216 1069 270 xxw.
1147 215 1300 269 cAP.
1340 222 1424 270 43.
1463 221 1548 269 44.
1626 216 1702 286 [a.
1742 216 1800 270 c,
1839 218 1970 288 210]
2180 180 2312 285 165

295 365 641 444 vectusque
688 361 961 426 classem
1008 380 1154 423 cum
1208 359 1568 424 monuisset
1619 359 1985 442 praefectos
2031 361 2311 445 navium,

292 453 367 515 ut
410 450 671 535 vigilias
717 452 1066 513 nocturnas
1113 447 1352 512 intenti
1398 450 1757 531 servarent,
1811 448 2030 512 omnia
2077 448 2310 533 ubique

292 538 502 623 primo
561 538 898 602 obsessum
950 535 1212 600 hostem
1258 536 1505 618 conari,
1569 555 1902 619 regressus
1958 536 2028 600 in
2081 541 2312 621 castra,
2347 549 2384 596 2

292 631 368 691 ut
413 626 673 691 consilii
709 624 810 690 sui
847 626 1192 709 rationem,
1229 624 1400 709 quod
1438 624 1518 689 ab
1555 623 1711 688 urbe
1748 624 2163 708 potissimum
2201 647 2310 709 op-

290 715 642 799 pugnanda
685 712 929 779 bellum
977 734 1160 778 orsus
1210 716 1406 796 esset,
1461 711 1782 777 militibus
1838 713 2205 777 ostenderet
2249 717 2314 778 et

293 824 475 887 spem
521 801 868 886 potiundae
915 800 1310 866 cohortando
1349 800 1621 883 faceret,
1662 801 1962 866 contione
2000 801 2313 866 advocata

293 893 388 956 ita
434 891 763 955 disseruit:
820 888 957 954 “ad
1002 890 1230 953 urbem
1275 910 1470 953 unam
1517 889 2019 974 oppugnandam
2065 890 2121 954 si
2168 889 2312 974 quis
2351 902 2386 949 3

293 1001 410 1044 vos
451 977 758 1043 adductos
797 978 1028 1061 credit,
1074 978 1129 1041 is
1166 978 1379 1063 magis
1418 978 1630 1061 operis
1669 978 1870 1042 vestri
1909 999 2103 1061 quam
2142 999 2314 1043 emo-

295 1068 569 1131 lumenti
624 1067 943 1132 rationem
988 1069 1308 1149 exactam,
1363 1066 1629 1150 milites,
1674 1065 1893 1132 habet.
1984 1086 2314 1151 oppugna-

296 1156 454 1220 bitis
502 1155 671 1219 enim
717 1177 866 1220 vere
911 1155 1170 1220 moenia
1215 1154 1407 1219 unius
1453 1154 1660 1237 urbiS,
1709 1154 1822 1219 sed
1867 1156 1939 1218 in
1982 1175 2112 1219 una
2155 1154 2315 1219 urbe

294 1244 660 1308 universam
745 1243 1045 1326 ceperitis
1119 1242 1527 1325 Hispaniam.
1645 1241 1753 1306 hie
1835 1245 1986 1306 sunt
2056 1241 2315 1307 obsides
2353 1254 2387 1300 4

297 1332 587 1397 omnium
632 1331 955 1394 nobilium
999 1347 1228 1412 regum
1263 1328 1804 1414 populorumque3
1851 1329 1961 1413 qui
2009 1329 2203 1394 simul
2249 1331 2316 1393 in

296 1421 623 1503 potestate
660 1421 876 1482 vestra
913 1420 1127 1499 erunt,
1157 1416 1480 1497 extemplo
1519 1417 1762 1499 omnia,
1800 1438 1961 1499 quae
1996 1438 2168 1481 nunc
2196 1416 2314 1481 sub

299 1505 947 1589 Carthaginiensibus
995 1507 1172 1587 sunt,
1225 1503 1295 1567 in
1354 1502 1669 1567 dicionem
1715 1504 2001 1588 tradent3
2056 1504 2164 1569 hic
2209 1526 2317 1588 pe·
2354 1516 2387 1563 5

301 1594 493 1659 cunia
522 1593 728 1657 omnis
756 1593 1070 1676 hostium,
1108 1593 1244 1656 sine
1283 1613 1411 1675 qua
1436 1613 1643 1675 neque
1679 1591 1779 1656 illi
1816 1613 2038 1677 gerere
2074 1592 2317 1657 bellum

299 1685 602 1767 possunt,
658 1682 893 1765 quippe
940 1681 1049 1765 qui
1102 1680 1577 1745 mercennarios
1626 1681 1943 1744 exercitus
2003 1681 2209 1765 alant,
2255 1685 2320 1744 et

297 1791 463 1856 quae
507 1769 700 1835 nobis
744 1770 1028 1834 maximo
1076 1769 1221 1833 usui
1266 1768 1349 1833 ad
1395 1768 1827 1833 conciliandos
1875 1768 2125 1834 animos
2170 1770 2316 1833 bar-

297 1860 605 1924 barorum
661 1857 810 1942 erit3
865 1857 972 1922 hic
1026 1860 1380 1940 tormenta,
1436 1879 1642 1939 arma,
1697 1857 1907 1923 omnis
1965 1862 2316 1942 apparatus
2355 1871 2388 1919 6

298 1948 459 2014 belli
507 1951 632 2031 est,
679 1947 789 2030 qui
837 1945 1029 2011 simul
1077 1949 1142 2010 et
1184 1969 1301 2012 vos
1345 1947 1625 2011 instruet
1663 1949 1729 2010 et
1771 1945 1982 2011 hostis
2027 1946 2316 2012 nudabit.

297 2037 622 2120 potiemur
666 2038 1000 2118 praeterea
1044 2055 1189 2098 cum
1225 2032 1660 2117 pulcherrima
1697 2034 2316 2119 opulentissimaque
2355 2046 2388 2094 ’1

303 2125 486 2207 urbe,
531 2126 671 2186 tum
730 2122 1282 2206 opportunissima
1336 2125 1531 2205 portu
1578 2121 1866 2204 egregio,
1919 2121 2085 2185 unde
2140 2125 2317 2185 terra

299 2213 618 2295 marique,
656 2231 821 2294 quae
858 2209 1015 2274 belli
1050 2231 1205 2274 usus
1239 2212 1544 2293 poscunt,
1581 2209 2088 2293 suppeditentur.
2152 2230 2316 2293 quae

301 2322 446 2365 cum
483 2319 722 2384 magna
747 2298 876 2382 ipsi
900 2297 1311 2382 habebimus,
1346 2301 1489 2361 tum
1525 2298 1989 2380 dempserimus
2016 2298 2316 2363 hostibus

302 2389 509 2454 multo
556 2388 819 2452 maiora.
890 2385 1050 2452 haec
1085 2386 1219 2451 illis
1257 2407 1401 2469 arx,
1444 2384 1570 2451 hoc
1605 2386 1937 2470 horreum,
1982 2387 2318 2471 aerarium,
2354 2400 2390 2448 8

298 2476 895 2557 armamentarium,
938 2475 1064 2540 hoc
1104 2475 1392 2540 omnium
1426 2496 1641 2539 rerum
1677 2476 2154 2558 receptaculum
2192 2479 2317 2558 est3

299 2566 429 2629 huc
480 2565 696 2627 rectus
754 2583 831 2625 ex
873 2561 1100 2625 Africa
1145 2583 1370 2626 cursus
1419 2565 1547 2643 est3
1600 2560 1762 2625 haec
1809 2583 1938 2626 una
1981 2563 2151 2625 inter
2193 2562 2318 2649 Py·

298 2672 604 2717 renaeum
643 2654 710 2713 et
739 2647 938 2712 Gadis
976 2648 1202 2731 statio3
1239 2649 1392 2712 hinc
1425 2611 1601 2712 omhi
1629 2647 1984 2731 Hispaniae
2021 2649 2319 2713 imminet

298 2737 585 2804 Africa.''
630 2758 774 2798 *με

479 2825 710 2891 XLIV.
754 2846 790 2886 *
837 2828 1220 2890 armaverat.
1309 2845 1456 2889 cum
1510 2827 1687 2888 terra
1738 2824 2029 2908 marique
2082 2823 2319 2890 instrui
2358 2838 2386 2885 1

300 2915 855 3000 oppugnationem
915 2913 1185 2996 videret,
1255 2915 1323 2977 et
1378 2913 1517 2996 ipse
1578 2912 1794 2995 copias
1853 2911 1949 2976 ita
2006 2911 2318 2996 disponit.

300 3003 767 3087 oppidanorum
823 3000 948 3066 duo
994 3000 1175 3064 milia
1229 3002 1312 3065 ab
1360 3021 1437 3064 ea
1485 3004 1698 3084 parte,
1753 3021 1879 3084 qua
1931 3003 2145 3065 castra
2187 2999 2319 3067 Ro-
2354 3013 2390 3062 2

298 3112 496 3155 mana
525 3093 729 3174 erant,
761 3089 1049 3173 opponit,
1076 3087 1447 3174 quingentis
1476 3088 1799 3153 militibus
1829 3109 2044 3153 arcem
2071 3088 2319 3173 insidit,

301 3180 690 3264 quingentos
745 3177 998 3243 tumulo
1057 3177 1236 3241 urbis
1296 3177 1368 3241 in
1427 3177 1744 3241 orientem
1799 3197 1985 3241 verso
2039 3178 2318 3262 inponit3

298 3267 786 3332 multitudinem
836 3266 1058 3349 aliam,
1105 3287 1231 3350 quo
1278 3265 1550 3348 clamor,
1596 3286 1720 3349 quo
1759 3265 1981 3329 subita
2023 3267 2319 3328 vocasset

296 3377 429 3439 res,
493 3355 815 3419 intentam
880 3353 961 3419 ad
1024 3354 1244 3419 omnia
1308 3373 1636 3419 occurrere
1697 3352 1895 3417 iubet.
1996 3352 2319 3435 patefacta
2355 3364 2391 3412 3

298 3444 528 3509 deinde
564 3448 759 3528 porta
797 3464 935 3523 eos,
971 3463 1132 3526 quos
1170 3442 1237 3506 in
1266 3442 1375 3507 via
1402 3442 1644 3506 ferente
1674 3441 1754 3505 ad
1782 3443 1998 3505 castra
2031 3440 2321 3505 hostium

299 3532 724 3617 instruxerat,
782 3530 1039 3597 emittit.
1137 3529 1419 3595 Romani
1473 3530 1631 3595 duce
1683 3530 1826 3615 ipso
1879 3528 2320 3615 praecipiente
