2654 3913
349 193 390 255 8
674 193 888 248 LIBER
923 193 1117 248 XXIV.
1195 193 1349 247 CAP.
1389 200 1435 248 e.
1477 199 1523 246 τ.
1601 193 1672 263 [a
1712 191 1774 246 U.
1814 208 1860 244 ο.
1899 195 2029 264 539]

348 337 560 399 autem
591 335 771 398 brevi
797 334 954 419 fore,
988 335 1043 400 si
1072 356 1272 400 naves
1301 338 1495 419 atque
1523 336 1872 401 exercitum
1899 336 2228 403 misissent
2253 376 2360 422 -,

345 420 615 486 Himera
661 425 894 508 amnis,
941 424 1050 506 qui
1094 421 1297 489 ferme
1345 422 1576 488 dividit
1620 425 1920 509 insulam,
1975 426 2123 490 finis
2171 389 2360 528 regni

277 520 310 569 8
350 508 735 593 Syracusani
780 533 855 576 ac
899 510 1123 574 Punici
1169 511 1426 594 imperii
1472 515 1658 577 esset.
1749 513 1945 577 6116111
1992 513 2222 580 deinde
2266 514 2358 579 in·

347 599 542 666 flatus
597 598 1154 664 adsentationibus
1209 622 1457 700 eorum,
1513 600 1626 685 qui
1680 622 1825 665 eum
1876 623 2010 667 non
2055 602 2357 668 Hieronis

346 691 602 754 tantum
648 686 760 751 sed
795 686 1034 770 Pyrrhi
1081 688 1276 752 etiam
1313 689 1514 773 regis,
1559 689 1838 754 materni
1872 690 2002 775 avi,
2048 691 2358 756 iubebant

346 774 744 858 meminisse,
789 775 1180 875 legationem
1226 777 1434 859 misit,
1480 799 1609 861 qua
1653 799 1875 843 aecum
1921 780 2225 844 censebat
2260 777 2356 844 Si-

346 862 498 926 cilia
534 860 658 926 sibi
696 864 871 927 omni
910 863 1075 947 cedi,
1110 863 1400 929 Italiae
1379 867 1725 946 lmperium
1760 867 2096 951 proprium
2135 866 2357 951 quaeri

274 962 308 1011 9
348 947 875 1033 Carthaginiensi
917 951 1173 1034 populo.
1240 950 1409 1017 hanc
1452 953 1782 1017 levitatem
1829 976 1905 1019 ac
1939 956 2358 1021 iactationem

347 1039 541 1103 animi
568 1059 774 1123 neque
812 1038 1217 1104 mirabantur
1253 1041 1324 1104 in
1358 1041 1587 1105 iuvene
1622 1039 1868 1105 furioso
1895 1063 2103 1126 neque
2132 1064 2356 1128 argue·

277 1137 307 1186 1
344 1127 530 1205 bant,
565 1127 910 1193 dummodo
951 1130 1341 1193 averterent
1351 1149 1496 1193 eum
1533 1129 1615 1192 ab
1642 1127 1972 1194 Romanis.
2046 1129 2192 1196 VII.
2229 1128 2356 1195 Sed

347 1215 563 1280 omnia
606 1215 675 1279 in
720 1237 796 1281 eo
832 1215 1217 1298 praecipitia
1254 1216 1337 1280 ad
1374 1216 1636 1280 exitium
1672 1215 1947 1283 fuerunt.
2019 1239 2171 1281 nam
2210 1239 2355 1284 cum

343 1303 717 1387 praemissis
762 1303 1158 1388 Hippocrate
1204 1308 1397 1387 atque
1440 1303 1727 1388 Epicyde
1781 1325 1926 1370 cum
1970 1305 2142 1370 binis
2187 1306 2356 1371 mili-

343 1391 464 1457 bus
512 1396 905 1458 armatorum
952 1392 1033 1457 ad
1077 1391 1488 1476 temptandas
1535 1392 1755 1475 urbes,
1808 1414 1973 1477 quae
2016 1394 2354 1477 praesidiis

274 1493 308 1542 2
350 1481 732 1547 tenebantur
774 1479 1112 1564 Romanis,
1159 1483 1223 1545 et
1264 1480 1405 1564 ipse
1450 1481 1519 1545 111
1555 1477 1905 1547 Leontinos
1951 1504 2097 1548 cum
2141 1486 2355 1548 cetero

347 1570 524 1634 omni
588 1572 872 1635 exercitu
926 1605 1011 1617 —
1076 1572 1260 1633 erant
1322 1572 1536 1633 autem
1603 1569 1685 1634 ad
1749 1570 2110 1654 quindecim
2172 1571 2356 1636 milia

275 1669 307 1717 3
345 1657 634 1739 peditum
695 1658 1106 1741 equitumque
1150 1693 1236 1703 —-
1281 1657 1613 1739 profectus
1669 1660 1833 1740 erat,
1885 1658 2123 1723 liberas
2179 1659 2354 1723 aedis

345 1744 661 1808 coniurati
697 1781 781 1790 —
820 1749 887 1809 et
931 1765 1152 1809 omnes
1197 1743 1366 1809 forte
1411 1744 1787 1809 militabant
1822 1779 1907 1791 —
1943 1746 2353 1811 imminentes

343 1833 486 1898 viae
532 1835 870 1916 angustae,
917 1854 1043 1916 qua
1087 1833 1466 1898 descendere
1520 1832 1597 1897 ad
1644 1832 1859 1898 forum
1916 1855 2030 1898 rex
2085 1834 2355 1918 solebat,

272 1931 308 1980 4
347 1924 775 2005 sumpserunt.
819 1921 914 1986 ibi
959 1942 1103 1986 cum
1138 1921 1444 1987 instructi
1479 1921 1840 2006 armatique
1886 1922 2080 1988 ceteri
2124 1923 2356 1988 transi-

343 2015 481 2075 tum
528 2013 938 2094 expectantes
982 2014 1254 2094 starent‚
1298 2010 1411 2075 uni
1458 2032 1535 2075 ex
1580 2010 1673 2075 eis
1719 2048 1805 2058 —
1840 2010 2187 2077 Dinomeni
2229 2011 2355 2077 fuit

342 2120 580 2165 nomen
613 2135 712 2184 —,
741 2100 894 2185 quia
921 2104 1138 2166 custos
1175 2099 1465 2182 corporis
1504 2103 1668 2183 erat,
1703 2103 1921 2183 partes
1958 2101 2148 2166 datae
2187 2104 2356 2182 sunt,

249 2225 319 2237 —
343 2192 443 2271 ut,
488 2209 635 2253 cum
680 2188 1227 2273 adpropinquaret
1256 2186 1509 2253 16111166
1563 2208 1701 2271 rex,
1754 2209 1870 2270 per
1922 2209 2183 2253 causam
2240 2188 2355 2252 ali-

345 2295 537 2357 quam
582 2274 653 2338 in
699 2276 1020 2359 angustiis
1066 2274 1417 2340 sustineret
1460 2273 1542 2339 ab
1588 2278 1775 2359 tergo
1822 2295 2075 2358 agmen.
2148 2276 2244 2340 ita
2281 2280 2356 2340 ut

272 2371 308 2421 5
345 2365 732 2428 convenerat
754 2362 999 2428 factum
1027 2366 1144 2428 est.
1206 2366 1534 2447 tamquam
1562 2362 1812 2427 laxaret
1847 2363 2088 2428 elatum
2125 2363 2353 2447 pedem

344 2451 426 2514 ab
462 2450 690 2515 stricto
746 2451 945 2535 nodo,
997 2454 1286 2517 moratus
1340 2451 1600 2515 turbam
1654 2449 2044 2516 Dinomenes
2099 2454 2354 2517 tantum

344 2538 671 2604 intervalli
705 2537 886 2623 fecit,
930 2542 1030 2622 ut,
1076 2560 1218 2603 cum
1255 2539 1323 2603 in
1358 2541 1872 2622 praetereuntem
1910 2540 2047 2604 sine
2085 2539 2354 2605 armatis

344 2646 558 2711 regem
607 2627 886 2710 impetus
930 2627 1147 2710 fieret,
1193 2627 1639 2691 confoderetur
1694 2628 1945 2711 aliquot
1995 2629 2174 2711 prius
2218 2628 2356 2692 vul-

274 2716 603 2780 oneribus
664 2737 854 2799 quam
912 2715 1197 2780 succurri
1263 2718 1500 2798 posset.
1605 2716 1883 2780 clamore
1948 2718 2014 2780 et
2074 2716 2355 2779 tumultu

347 2802 564 2868 audito
611 2803 679 2866 in
724 2803 1148 2867 Dinomenem
1193 2805 1323 2868 iam
1369 2803 1544 2867 haud
1589 2802 1780 2867 dubie
1817 2803 2186 2868 obstantem
2224 2802 2357 2867 tela.

345 2889 775 2973 coniciuntur,
819 2889 990 2955 inter
1036 2913 1200 2975 quae
1253 2896 1474 2955 tamen
1519 2890 1764 2955 duobus
1812 2891 2091 2974 acceptis
2139 2890 2356 2955 vulne-

272 2990 306 3039 7
345 2977 525 3043 ribus
555 2977 776 3043 evasit.
834 2979 991 3063 fuga
1017 2979 1404 3062 satellitum,
1429 2981 1505 3042 ut
1530 2978 1848 3043 iacentem
1875 2978 2092 3043 videre
2119 2998 2356 3063 regem,

344 3066 519 3131 facta
548 3069 664 3130 est.
734 3067 1178 3132 interfectores
1214 3087 1369 3149 pars
1405 3066 1473 3130 in
1506 3064 1718 3130 forum
1757 3066 1837 3130 ad
1874 3066 2356 3131 multitudinem

290 3154 585 3218 -laetam
632 3152 962 3236 libertate,
1003 3176 1157 3237 pars
1195 3151 1549 3236 Syracusas
1585 3156 1866 3236 pergunt
1901 3152 1980 3217 ad
2016 3175 2357 3237 praeoccu-

272 3252 307 3301 8
343 3241 556 3324 panda
600 3239 1008 3305 Adranodori
1051 3242 1507 3325 regiorumque
1563 3240 1835 3305 aliorum
1888 3242 2175 3306 consilia.
2265 3241 2359 3303 in-

345 3332 522 3393 certo
550 3349 766 3392 rerum
796 3331 972 3393 statu
1001 3327 1125 3412 Ap.
1145 3327 1453 3394 Claudius
1480 3326 1722 3391 bellum
1751 3327 1962 3392 oriens
1993 3349 2071 3392 ex
2096 3327 2355 3411 propin-

346 3437 470 3498 quo
535 3436 679 3480 cum
751 3421 1064 3500 cerneret,
1137 3420 1433 3482 senatum
1503 3415 1739 3480 litteris
1792 3416 2140 3482 certiorem
2204 3415 2359 3479 fecit

343 3500 630 3569 Siciliam
661 3501 1186 3591 Carthaginiensi
1223 3505 1466 3591 populo
1505 3507 1572 3569 et
1605 3502 1960 3568 Hannibali
1999 3502 2359 3586 conciliari3
