2654 3913
322 197 364 259 6
645 194 864 249 LIBER
898 193 1093 249 XXIV.
1169 192 1319 247 CAP.
1358 200 1409 248 4.
1451 199 1500 248 5.
1581 193 1655 264 [a.
1694 193 1759 250 U.
1797 209 1843 248 c.
1882 195 2011 266 539]

324 340 433 424 qui
492 361 608 424 per
668 338 1032 405 contionem
1093 337 1173 402 ad
1233 336 1605 401 excitandos
1666 337 1980 403 clamores
2043 338 2339 423 dispositi

325 433 533 512 erant,
580 427 1094 529 adprobantibus
1131 427 1624 508 testamentum,
1670 425 1902 490 ceteris
1941 427 2120 492 velut
2158 431 2341 510 patre

327 517 567 580 amisso
616 517 685 579 in
725 516 884 580 orba
922 515 1183 579 civitate
1222 513 1441 579 omnia
1475 513 1856 577 timentibus
1893 535 2121 581 munus
2155 534 2386 625 sffi·

254 615 290 664 8
315 605 521 687 piant.
593 603 786 668 funus
832 604 909 666 fit
954 602 1232 687 regium,
1280 601 1492 686 magis
1540 623 1758 666 amore
1796 601 2034 667 civium
2073 607 2139 668 et
2183 582 2402 675 (3311-ζῖ

256 704 287 750 9
326 697 462 757 tate
510 713 703 775 quam
749 711 903 754 cura
948 711 1209 754 suorum
1255 690 1523 755 celebre.
1595 689 1777 754 brevi
1822 690 2049 755 deinde
2096 694 2342 756 ceteros

327 784 576 844 tutores
605 781 972 842 summovet
996 777 1479 861 Adranodorus,
1508 778 1804 843 iuvenem
1832 779 1963 844 iam
1993 800 2133 845 esse
2162 779 2342 844 dicti·

326 871 476 931 tans
530 864 1004 948 Hieronymum
1059 885 1134 929 ac
1184 866 1370 947 regni
1423 867 1782 950 potentem3
1844 867 2343 953 deponendoque

326 954 599 1018 tutelam
636 953 800 1036 ipse,
851 975 1014 1037 quae
1050 974 1195 1017 cum
1232 952 1525 1035 pluribus
1564 955 1919 1018 communis
1959 959 2125 1039 erat,
2162 957 2230 1020 in
2275 978 2343 1021 se

325 1063 523 1104 unum
570 1041 858 1106 omnium
904 1041 1073 1105 vires
1119 1040 1454 1105 convertit.

228 1142 287 1211 v1
504 1126 584 1193 V.
646 1128 773 1192 Vix
812 1129 1066 1212 quidem
1105 1130 1207 1193 vel
1250 1129 1421 1192 bono
1459 1127 1918 1212 moderatoque
1954 1131 2097 1213 regi
2132 1131 2344 1198 facilis

328 1221 466 1280 erat
509 1216 695 1281 favor
735 1217 905 1315 apud
943 1213 1385 1317 Syracusanos
1424 1215 1789 1279 succedenti
1826 1219 2052 1281 tantae
2086 1219 2345 1285 caritati

256 1316 287 1363 2
326 1304 658 1389 Hieronis3
725 1302 949 1369 ve‘rum
1011 1304 1181 1367 enim
1242 1324 1428 1368 vero
1450 1303 1909 1388 Hieronymus,
1975 1305 2155 1370 velut
2209 1310 2342 1372 suis

329 1393 504 1457 vitiis
544 1392 1034 1457 desiderabilem
1076 1391 1329 1456 efficere
1370 1393 1563 1457 vellet
1601 1414 1815 1477 avum,
1861 1392 2071 1476 primo
2118 1395 2343 1462 statim

257 1495 289 1539 3
330 1486 675 1567 conspectu
722 1482 939 1547 omnia
984 1503 1177 1566 quam
1222 1480 1506 1562 disparia
1550 1485 1765 1546 essent
1810 1481 2108 1548 ostendit.
2192 1505 2345 1549 nam

329 1572 438 1654 qui
492 1592 609 1656 per
661 1574 763 1637 tot
820 1592 1022 1635 annos
1066 1568 1420 1634 Hieronem
1463 1569 1794 1654 filiumque
1849 1570 1985 1635 eius
2032 1569 2343 1636 Gelonem

328 1679 446 1721 nec
503 1658 704 1722 vestis
758 1658 989 1721 habitu
1041 1678 1159 1721 nec
1213 1657 1342 1722 alio
1399 1656 1535 1721 ullo
1590 1656 1832 1739 insigni
1885 1657 2249 1722 differentes
2306 1681 2344 1723 a

257 1758 291 1802 4
330 1745 556 1810 ceteris
585 1744 830 1809 civibus
859 1745 1198 1828 vidissent,
1228 1746 1286 1809 ei
1314 1764 1703 1828 conspexere
1729 1765 2081 1827 purpuram
2110 1767 2184 1810 ac
2211 1746 2342 1811 dia-

328 1833 514 1896 dema
541 1854 616 1897 ac
643 1832 960 1898 satellites
999 1837 1282 1899 armatos
1321 1832 1781 1918 quadrigisque
1822 1833 2018 1896 etiam
2048 1833 2341 1898 alborum

330 1943 638 2006 equorum
675 1920 998 1987 interdum
1037 1943 1114 1987 ex
1150 1922 1331 2007 regia
1369 1921 1815 2006 procedentem
1859 1943 2038 1987 more
2070 1921 2343 2006 Dionysi

258 2021 310 2066 5
328 2011 604 2096 tyranni.
694 2011 864 2098 hunc
910 2015 1045 2076 tam
1098 2011 1443 2095 superbum
1493 2032 1695 2095 appar
1700 2013 1877 2074 atum
1922 2010 2344 2095 habitumque

330 2091 781 2167 convenientes
837 2101 1268 2185 sequebantur
1322 2101 1729 2182 contemptus
1795 2099 2082 2163 omnium
2143 2100 2346 2164 homi-

328 2211 511 2272 num,
561 2190 874 2271 superbae
923 2210 1136 2271 aures,
1191 2188 1658 2252 contumeliosa
1704 2186 1901 2265 dicta,
1955 2188 2085 2251 rari
2135 2188 2343 2251 aditus

326 2297 459 2340 non
504 2275 733 2340 alienis
771 2275 961 2340 modo
1001 2275 1112 2339 sed
1150 2275 1475 2340 tutoribus
1515 2275 1737 2357 etiam,
1783 2237 2084 2338 libidines
2118 2279 2345 2359 no'vae,

258 2375 289 2422 6
327 2363 682 2427 inhumana
727 2363 1090 2429 crudelitaS.
1181 2363 1402 2448 itaque
1447 2366 1668 2427 tantus
1733 2362 1940 2426 omnis
1996 2365 2203 2427 terror
2251 2364 2344 2427 in·

328 2454 610 2533 vaserat,
656 2455 730 2515 ut
775 2451 1033 2534 quidam
1081 2473 1158 2515 ex
1204 2451 1527 2515 tutoribus
1576 2456 1690 2514 aut
1727 2453 1932 2514 morte
1981 2450 2346 2516 voluntaria

261 2553 290 2600 7
330 2544 444 2605 aut
485 2539 642 2623 fuga
687 2543 1169 2622 praeverterent
1222 2543 1467 2603 metum
1524 2538 2001 2623 suppliciorum.
2089 2543 2221 2603 tres
2270 2562 2346 2603 ex

328 2628 438 2705 iis,
503 2627 735 2711 quibus
804 2627 959 2692 solis
1024 2627 1234 2692 aditus
1300 2628 1369 2691 in
1425 2625 1687 2692 domum
1751 2626 2134 2691 familiarior
2189 2631 2345 2709 erat,

328 2714 788 2780 Adranodorus
846 2718 910 2779 et
967 2714 1271 2798 Zoippus,
1330 2716 1548 2800 generi
1600 2714 1928 2798 Hieronis,
1986 2717 2051 2777 et
2095 2714 2344 2779 Thraso

331 2803 615 2887 quidam,
663 2803 738 2865 de
782 2804 925 2867 aliis
968 2804 1223 2886 quidem
1261 2805 1453 2867 rebus
1490 2802 1664 2867 haud
1703 2822 2095 2885 magnopere
2134 2802 2344 2866 audie-

257 2902 290 2951 8
328 2892 590 2975 bantur;
618 2891 936 2955 tendendo
968 2894 1183 2955 autem
1213 2892 1448 2955 duo-‘ad
1480 2889 2066 2974 Carthaginienses,
2094 2890 2345 2956 Thraso

330 2979 410 3043 ad
440 2978 817 3043 societatem
844 2978 1091 3043 Roman
1102 3001 1234 3062 am,
1272 2978 1624 3044 certamine
1659 2999 1733 3043 ac
1762 2977 1994 3042 studiis
2022 2978 2345 3043 interdum

259 3079 291 3126 9
328 3067 400 3131 in
426 3088 494 3131 se
525 3067 988 3132 convertebant
1014 3067 1301 3130 animum
1335 3065 1784 3145 adulescentiS,
1814 3086 1957 3129 cum
1989 3066 2343 3130 coniuratio

328 3154 396 3219 in
439 3155 704 3239 tyranni
759 3156 951 3238 caput
1002 3153 1180 3217 facta
1234 3153 1552 3217 indicatur
1609 3174 1727 3235 per
1774 3149 2108 3216 Callonem
2155 3176 2345 3236 quen-

329 3242 505 3327 dam,
564 3241 898 3325 aequalem
957 3239 1345 3341 Hieronymi
1405 3244 1470 3305 et
1528 3240 1658 3304 iam
1717 3239 1864 3304 inde
1925 3262 1965 3304 a
2021 3261 2219 3324 puero
2280 3242 2348 3303 in

229 3343 291 3389 10
333 3331 551 3395 omnia
595 3329 942 3393 familiaria
987 3328 1130 3393 iura
1176 3328 1532 3393 adsuetum.
1597 3327 1789 3391 index
1834 3349 2034 3391 unum
2079 3349 2157 3389 ex
2202 3348 2347 3390 con-

329 3418 559 3482 iuratis
588 3417 1013 3502 Theodotum,
1042 3439 1081 3481 a
1109 3439 1235 3501 quo
1265 3417 1407 3501 ipse
1437 3416 1801 3500 appellatus
1832 3419 1989 3497 erat,
2015 3414 2348 3479 nominare

326 3505 571 3593 potuit3
602 3507 711 3590 qui
742 3528 1131 3591 conprensus
1156 3505 1480 3591 extemplo
1499 3505 1906 3588 traditusque
1926 3501 2349 3568 Adranodoro
