2654 3913
357 201 444 263 46
569 198 784 253 LIBER
817 198 1013 254 XXIV.
1089 198 1238 254 CAP.
1278 205 1362 253 41.
1401 205 1488 254 42.
1563 200 1637 270 [a.
1674 199 1740 255 U.
1781 217 1825 255 c.
1866 207 1987 257 540.
2027 203 2156 273 541]

358 342 527 407 circa
580 342 873 413 hostium
925 344 1120 428 plena
1175 347 1386 427 erant,
1447 363 1806 428 agmenque
1860 343 2225 410 Romanum
2278 346 2375 409 in·

357 452 526 513 pune
581 431 985 496 incursatum
1039 432 1119 497 ab
1177 431 1502 514 equitibus
1556 431 1846 496 hostium
1900 431 2115 497 fuerat
2171 436 2237 497 et
2294 433 2375 497 ad

360 518 486 583 duo
541 521 725 585 milia
781 524 893 584 aut
950 523 1351 585 moratorum
1410 523 1523 584 aut
1579 520 1944 603 palantium
2003 541 2120 604 per
2180 541 2372 605 agros

358 606 726 693 interfecta,
772 629 1017 674 cessere
1057 608 1206 672 inde
1243 607 1519 673 Romani
1559 608 1821 691 propius
1857 611 2091 693 pacata
2127 608 2270 672 loca
2309 613 2374 673 et

290 705 322 755 5
362 695 443 760 ad
471 700 759 762 montem
778 695 1107 762 Victoriae
1139 700 1351 760 castra
1382 697 1875 762 communivere.
1921 717 1994 760 eo
2021 697 2134 762 Cn.
2155 693 2371 779 Scipio

361 805 506 847 eum
537 785 836 849 omnibus
866 784 1066 868 copiis
1097 787 1164 849 et
1190 783 1563 849 Hasdrubal
1592 783 1897 868 Gisgonis
1925 784 2115 868 filius,
2140 785 2372 850 tertius

361 868 995 956 Carthaginiensium
1023 872 1149 936 dux
1157 922 1175 956 ,
1213 893 1359 937 cum
1390 873 1672 937 exercitu
1699 873 1871 938 iusto
1903 872 2189 958 advenit,
2227 893 2373 938 con-

359 960 590 1042 traque
639 963 853 1025 castra
889 958 1182 1025 Romana
1228 963 1415 1025 trans
1452 961 1716 1025 fluvium
1753 982 1974 1026 omnes
2015 961 2375 1027 consedere.

290 1057 322 1108 6
357 1043 429 1111 Ρ.
478 1044 694 1132 Scipio
744 1069 889 1113 cum
936 1048 1250 1131 expeditis
1297 1048 1466 1112 clam
1510 1048 1837 1132 profectus
1892 1049 1972 1114 ad
2018 1049 2163 1114 loca
2206 1049 2377 1114 circa

359 1134 623 1200 visenda
666 1135 839 1201 haud
882 1134 1117 1201 fefellit
1161 1136 1411 1221 hostes,
1468 1137 2067 1221 oppressissentque
2114 1159 2260 1201 eum
2306 1139 2376 1201 in

358 1224 733 1305 patentibus
782 1224 1054 1310 campis,
1098 1225 1168 1289 ni
1212 1187 1537 1290 tumulum
1574 1225 1643 1288 in
1677 1224 2039 1308 propinquo
2079 1225 2373 1307 cepisset.

359 1311 451 1376 ibi
500 1333 751 1398 quoque
797 1313 1255 1379 circumsessus
1303 1312 1585 1378 adventu
1621 1312 1842 1377 fratris
1882 1312 2220 1379 obsidione
2269 1334 2371 1377 ex·

290 1411 321 1460 ⁷
359 1399 602 1467 imitur.
693 1399 988 1486 Castulo,
1040 1402 1194 1467 urbs
1239 1399 1595 1486 Hispaniae
1640 1401 1857 1466 valida
1902 1422 1977 1466 ac
2021 1400 2261 1465 nobilis
2309 1404 2375 1465 et

360 1489 522 1557 adeo
568 1491 909 1556 coniuncta
954 1490 1266 1556 societate
1310 1489 1574 1574 Poenis,
1619 1494 1694 1554 ut
1737 1511 1899 1555 uxor
1943 1488 2092 1555 inde
2132 1487 2375 1554 Hanni·

290 1589 321 1638 8
359 1578 494 1642 bali
543 1583 738 1662 esset,
795 1579 876 1643 ad
922 1578 1250 1643 Romanos
1306 1577 1555 1643 defecit.
1648 1577 2220 1662 Carthaginienses
2266 1576 2349 1641 Ili

358 1665 603 1748 turgim
651 1686 1026 1749 oppugnare
1072 1666 1309 1747 adorti,
1368 1667 1523 1747 quia
1565 1665 1955 1748 praesidium
2001 1665 2096 1729 ibi
2139 1665 2373 1729 Roma-

357 1774 514 1815 num
570 1757 735 1833 erat,
788 1752 1299 1834 videbanturque
1352 1751 1574 1833 inopia
1628 1751 1906 1814 maxime
1961 1771 2106 1814 eum
2160 1752 2369 1818 locum

289 1851 320 1899 9
359 1838 804 1922 expugnaturi.
877 1834 989 1902 Cn.
1036 1836 1249 1920 Scipio
1260 1886 1278 1920 ,
1324 1840 1399 1902 ut
1442 1836 1633 1902 sociis
1678 1837 2129 1921 praesidioque
2173 1836 2374 1902 ferret

361 1947 576 2011 opem,
607 1947 752 1991 cum
775 1924 1034 2011 legione
1071 1925 1368 2010 expedita
1402 1924 1729 2010 profectus
1766 1925 1934 1990 inter
1970 1925 2127 1991 bina
2160 1928 2374 1992 castra

360 2037 507 2080 cum
571 2034 809 2099 magna
871 2015 1061 2081 caede
1123 2014 1411 2080 hostium
1475 2014 1702 2079 urbem
1767 2017 1866 2079 est
1919 2014 2249 2100 ingressus
2308 2019 2374 2080 et

259 2116 324 2167 10
360 2108 620 2188 postero
651 2104 754 2168 die
782 2104 1120 2189 eruptione
1150 2124 1349 2187 aeque
1388 2102 1560 2167 felici
1585 2104 1919 2187 pugnavit.
1993 2125 2190 2189 supra
2218 2103 2371 2168 duo-

361 2194 566 2258 decim
594 2192 775 2257 milia
799 2192 1137 2257 hominum
1171 2212 1357 2256 caesa
1394 2190 1643 2256 duobus
1680 2192 1972 2275 proeliis,
2008 2192 2157 2275 plus
2195 2192 2373 2256 mille

358 2279 694 2343 hominum
723 2283 983 2363 captum
1013 2302 1156 2344 cum
1186 2301 1296 2344 sex
1334 2283 1401 2344 et
1427 2278 1699 2363 triginta
1727 2279 2119 2344 militaribus
2150 2279 2372 2363 signis.

257 2379 319 2427 11
359 2366 452 2431 ita
489 2368 570 2430 ab
607 2366 864 2452 Iliturgi
890 2388 1214 2433 recessum
1252 2370 1369 2432 est.
1440 2366 1711 2452 Bigerra
1735 2365 1884 2431 inde
1913 2367 2068 2432 urbs
2098 2402 2182 2413 -
2214 2367 2374 2432 socii

264 2509 269 2513 .
361 2458 426 2519 et
478 2453 549 2519 hi
593 2453 1032 2520 Romanorum
1087 2458 1272 2521 erant
1318 2491 1402 2501 —
1460 2476 1499 2519 a
1559 2452 2204 2540 Carthaginiensibus
2260 2476 2375 2539 op-

358 2542 636 2627 pugnari
682 2547 912 2628 coepta
967 2547 1084 2610 est.
1174 2565 1315 2608 eam
1372 2542 1775 2608 obsidionem
1830 2544 1970 2608 sine
2026 2543 2374 2609 certamine

292 2643 319 2692 1
362 2631 708 2697 adveniens
737 2628 850 2697 Cn.
881 2630 1092 2717 Scipio
1133 2631 1348 2698 solvit.
1437 2630 1637 2696 XLII.
1669 2629 1774 2696 Ad
1801 2630 2112 2697 Mundam
2148 2631 2374 2697 exinde

361 2723 574 2786 castra
617 2719 864 2786 Punica
916 2724 1122 2805 mota,
1182 2723 1250 2786 et
1302 2720 1583 2786 Romani
1639 2741 1714 2785 eo
1771 2721 2114 2786 confestim
2168 2719 2375 2783 secuti

290 2821 323 2869 2
362 2812 528 2874 sunt.
593 2808 686 2872 ibi
725 2808 929 2892 signis
970 2772 1245 2874 conlatis
1282 2812 1643 2895 pugnatum
1679 2829 1794 2891 per
1830 2811 2136 2909 quattuor
2169 2805 2375 2871 ferme

359 2895 580 2978 horas3
610 2897 993 2981 egregieque
1021 2897 1426 2961 vincentibus
1456 2895 1765 2959 Romanis
1796 2896 2058 2979 signum
2087 2893 2375 2977 receptui

361 2986 461 3047 est
506 2982 755 3066 datum,
802 2984 971 3066 quod
1012 2982 1125 3048 Cn.
1155 2982 1474 3065 Scipionis
1509 2982 1719 3046 femur
1754 2982 2018 3067 tragula
2054 2982 2377 3048 confixum

360 3074 502 3134 erat
553 3091 884 3154 pavorque
940 3071 1112 3135 circa
1166 3091 1311 3134 eum
1368 3073 1625 3154 ceperat
1687 3069 1957 3154 milites,
2014 3092 2096 3135 ne
2154 3072 2375 3137 morti-

289 3171 320 3220 3
358 3158 570 3223 ferum
616 3161 787 3222 esset
832 3158 1087 3223 vulnus.
1157 3161 1441 3223 ceterum
1477 3157 1648 3222 haud
1694 3157 1958 3224 dubium
2005 3159 2156 3244 fuit,
2204 3160 2376 3243 quin,

357 3248 488 3313 nisi
535 3268 612 3313 ea
657 3268 841 3313 mora
884 3246 1365 3331 intervenisset,
1417 3249 1627 3311 castra
1673 3268 1747 3312 eo
1797 3247 1898 3311 die
1944 3247 2185 3312 Punica
2230 3246 2375 3329 capi

358 3335 709 3420 potuerint.
775 3335 906 3400 iam
949 3356 1083 3401 non
1127 3335 1370 3400 milites
1408 3335 1617 3400 solum
1665 3335 1777 3400 sed
1814 3335 2140 3419 elephanti
2177 3333 2374 3398 etiam

358 3445 564 3507 usque
611 3423 692 3488 ad
737 3427 980 3489 vallum
1017 3424 1159 3505 acti.
1182 3428 1394 3507 erant,
1432 3445 1748 3509 superque
1784 3424 1997 3508 ipsum
2034 3443 2270 3486 novem
2309 3424 2376 3486 et

290 3521 322 3569 4
358 3511 632 3594 triginta
679 3512 1007 3597 elephanti
1040 3513 1194 3598 pilis
1231 3512 1481 3579 confixi.
1552 3512 1677 3578 hoc
1714 3532 1964 3597 quoque
2002 3509 2254 3594 proelio
2294 3510 2375 3576 ad
