2654 3913
583 243 798 299 LIBER
834 244 1032 300 XXVI.
1108 244 1258 301 CAP.
1297 251 1383 300 47.
1421 252 1507 301 48.
1586 248 1658 317 [a.
1698 246 1755 302 C.
1795 196 1954 318 210]ι
2127 249 2254 313 169

236 388 457 472 pultae
504 390 824 454 maximae
878 389 1125 455 formae
1182 393 1440 456 centum
1492 390 1755 474 viginti,
1811 392 2093 457 minores
2148 392 2258 456 du-

238 481 461 542 centae
520 478 852 562 octoginta
905 499 1062 563 una,
1118 478 1418 543 ballistae
1476 479 1753 544 maiores
1811 479 2049 580 viginti
2104 483 2327 563 tres,6

236 568 522 630 minores
573 565 1044 650 quinquaginta
1091 566 1280 650 duae,
1326 568 1735 650 scorpionum
1781 568 2098 632 maiorum
2143 568 2258 632 mi-

235 675 594 737 norumque
659 658 725 719 et
788 675 1113 719 armorum
1175 656 1573 739 telorumque
1642 651 1871 739 ingens
1911 676 2260 756 numerus,

239 742 429 825 signa
473 742 782 807 militaria
827 742 1242 826 septuaginta
1286 746 1609 827 quattuor.
1684 746 1750 807 et
1787 743 1929 808 auri
1974 744 2255 829 argenti·
2294 755 2325 803 ⁷

238 852 361 913 que
408 831 616 895 relata
661 830 740 895 ad
778 830 1233 915 imperatorem
1276 851 1517 915 magna
1552 832 1676 896 vis:
1720 835 1987 915 paterae
2025 854 2257 898 aureae

238 917 501 984 fuerunt
544 918 852 984 ducentae
900 919 1315 1003 septuaginta
1360 940 1498 1004 sex,
1542 919 1746 984 librae
1786 919 1987 984 ferme
2035 942 2257 986 omnes

237 1004 482 1090 pondo;
527 1008 782 1091 argenti
825 1007 1050 1073 infecti
1097 1007 1463 1092 signatique
1509 1007 1727 1074 decem
1774 1012 1840 1073 et
1885 1012 2029 1074 octo
2076 1009 2257 1075 milia

239 1098 305 1159 et
347 1098 637 1160 trecenta
679 1096 923 1180 pondo,
970 1117 1270 1160 vasorum
1317 1099 1769 1181 argenteorum
1823 1117 2098 1182 magnus
2144 1120 2258 1163 nu-

239 1203 469 1255 merus.
543 1183 704 1249 haec
750 1184 968 1250 omnia
1004 1181 1074 1249 O.
1110 1182 1425 1249 Flaminio
1466 1184 1794 1267 quaestori
1831 1186 2113 1268 adpensa
2152 1184 2256 1250 ad·
2296 1197 2329 1245 8

240 1275 705 1355 numerataque
753 1276 924 1356 sunt3
975 1271 1178 1336 tritici
1218 1272 1690 1357 quadringenta
1735 1273 1918 1337 milia
1954 1273 2258 1357 modium,

239 1359 466 1424 hordei
502 1359 777 1424 ducenta
815 1359 1242 1443 septuaginta.
1311 1381 1510 1424 naves
1548 1360 1881 1424 onerariae
1919 1360 2258 1445 sexaginta
2297 1372 2329 1418 9

239 1452 369 1511 tres
407 1447 478 1511 in
512 1450 705 1531 portu
741 1452 1147 1531 expugnatae
1184 1451 1565 1532 captaeque,
1602 1448 1916 1530 quaedam
1951 1469 2096 1512 cum
2125 1449 2257 1513 suis

242 1535 572 1619 oneribus,
615 1534 977 1619 frumentO,
1023 1535 1250 1618 armis,
1297 1556 1444 1600 aere
1483 1538 1815 1619 praeterea
1850 1536 2146 1620 ferroque
2194 1541 2260 1600 et

240 1622 458 1687 linteis
526 1626 593 1687 et
653 1626 875 1706 sparto
940 1626 1006 1687 et
1065 1623 1283 1688 navali
1340 1623 1468 1688 alia
1523 1623 1796 1688 materia
1850 1624 1931 1689 ad
1988 1626 2258 1690 classem

243 1710 729 1794 aedificandam,
787 1714 862 1776 ut
905 1711 1244 1776 minimum
1289 1712 1576 1777 omnium
1618 1712 1792 1777 inter
1835 1715 2053 1777 tantas
2102 1734 2257 1797 opes
2298 1724 2366 1772 10

240 1800 399 1865 belli
444 1822 563 1884 cap
566 1803 669 1864 tas
716 1796 1045 1886 Carthago
1090 1800 1234 1883 ipsa
1278 1800 1493 1865 fuerit.

416 1886 708 1954 XLVIH.
753 1887 852 1953 Eo
901 1889 1005 1953 die
1047 1886 1288 1990 ScipiO,
1336 1887 1405 1955 O.
1449 1887 1668 1953 Laelio
1714 1910 1861 1955 cum
1907 1888 2099 1954 sociis
2146 1911 2252 1954 na·
2298 1902 2327 1948 1

242 1978 496 2043 valibus
541 1977 767 2041 urbem
804 1977 1124 2042 custodire
1167 1999 1371 2060 1uSSO,
1417 1977 1556 2060 ipse
1601 1978 1670 2040 in
1717 1982 1930 2042 castra
1965 1979 2255 2063 legiones
2296 1990 2328 2036 2

242 2065 498 2130 reduxit
540 2054 877 2149 fessosque
918 2066 1160 2130 milites
1198 2064 1497 2129 omnibus
1543 2086 1669 2129 uno
1718 2065 1821 2130 die
1856 2065 2014 2129 belli
2051 2065 2258 2150 operi-

242 2154 364 2219 bus
375 2204 393 2237 ,
438 2154 679 2237 quippe
725 2153 836 2236 qui
882 2157 949 2217 et
995 2153 1129 2218 acie
1175 2153 1590 2218 dimicassent
1637 2156 1702 2217 et
1747 2145 2056 2236 capienda
2101 2154 2258 2218 urbe
2317 2212 2322 2217 .

242 2246 498 2307 tantum
542 2240 783 2306 laboris
835 2241 1229 2325 periculique
1276 2241 1564 2306 adissent
1624 2244 1690 2305 et
1736 2244 1922 2324 capta
1968 2262 2115 2306 cum
2159 2242 2261 2326 iis,

244 2331 354 2415 qui
399 2330 469 2394 in
513 2351 726 2395 arcem
771 2330 1226 2416 confugerant,
1281 2330 1501 2414 iniquo
1549 2330 1747 2395 etiam
1794 2330 1937 2396 loco
1985 2350 2261 2415 pugnas·

245 2423 413 2501 sent,
443 2439 665 2483 curare
700 2440 972 2502 corpora
999 2420 1205 2484 iussit.
1276 2422 1540 2503 postero
1580 2419 1682 2483 die
1719 2418 2035 2483 militibus
2062 2440 2258 2484 nava·
2298 2431 2330 2479 3

243 2506 545 2590 libusque
603 2506 796 2570 sociis
856 2509 1223 2572 convocatis
1282 2507 1562 2589 primum
1624 2506 1723 2571 dis
1784 2507 2260 2572 immortalibus

244 2592 468 2658 laudes
505 2595 850 2677 gratesque
890 2594 1049 2676 egit,
1096 2594 1205 2677 qui
1254 2614 1321 2657 se
1359 2615 1493 2657 non
1528 2593 1707 2658 urbis
1751 2594 1961 2658 solum
1998 2594 2264 2677 opulen-

244 2680 537 2745 tissimae
584 2681 875 2745 omnium
910 2681 980 2744 in
1015 2680 1332 2763 Hispania
1367 2701 1495 2744 uno
1533 2678 1637 2744 die
1675 2684 2040 2763 compotem
2076 2681 2263 2746 fecis-

249 2772 420 2853 sent,
475 2767 587 2833 sed
643 2772 792 2833 ante
849 2789 924 2833 eo
971 2769 1448 2852 congessissent
1507 2768 1715 2833 omnis
1762 2767 2020 2832 Africae
2069 2771 2263 2853 atque

245 2856 602 2938 Hispaniae
662 2877 844 2940 opes,
903 2859 977 2920 ut
1032 2878 1239 2939 neque
1298 2856 1598 2920 hostibus
1662 2856 2005 2939 quicquam
2070 2858 2261 2921 relin-

250 2947 577 3029 queretur,
623 2947 689 3008 et
735 2943 861 3009 sibi
908 2965 983 3009 ac
1030 2944 1163 3008 suis
1211 2945 1429 3008 omnia
1475 2947 1901 3027 superessent.
1983 2944 2263 3010 militum
2300 2957 2336 3004 4

249 3031 473 3096 deinde
536 3032 842 3096 virtutem
910 3031 1345 3116 conlaudavit,
1410 3033 1580 3116 quod
1644 3053 1753 3097 eos
1816 3053 1949 3096 non
2011 3033 2263 3117 eruptio

248 3120 535 3184 host1um
544 3170 562 3204 ,
594 3140 728 3185 non
755 3120 1029 3184 altitudo
1058 3120 1411 3204 moenium,
1447 3141 1575 3184 non
1603 3121 2009 3204 inexplorata
2046 3123 2265 3205 stagni

248 3207 439 3292 vada,
484 3229 615 3273 non
652 3208 989 3273 castellum
1033 3207 1102 3272 in
1149 3208 1283 3274 alto
1324 3208 1576 3310 tumulo
1614 3209 1841 3292 situm,
1883 3230 2018 3274 non
2062 3209 2266 3273 muni·

247 3296 506 3360 tissima
569 3318 683 3360 arx
746 3295 1193 3379 deterruisset,
1266 3318 1393 3380 quo
1464 3295 1676 3361 minus
1740 3297 2266 3362 transcenderent

249 3384 469 3449 omnia
522 3388 1150 3469 perrumperentque.
1238 3384 1458 3469 itaque
1518 3406 1906 3469 quamquam
1962 3385 2335 3450 omnibus5

249 3473 466 3537 omnia
503 3473 787 3556 deberet,
824 3473 1240 3557 praecipuum
1277 3473 1545 3538 muralis
1584 3494 1856 3538 coronae
1894 3472 2084 3538 decus
2123 3473 2261 3538 eius

250 3582 414 3645 esse,
462 3561 572 3646 qui
614 3561 860 3646 primus
904 3582 1156 3626 murum
1195 3562 1616 3646 ascendisset3
1661 3563 2104 3647 profiteretur,
2151 3564 2266 3647 qui
