2654 3913
352 181 440 242 50
645 178 861 231 LIBER
896 179 1092 233 XXIV.
1171 181 1320 235 CAP.
1361 186 1444 234 45.
1483 187 1568 237 46.
1646 183 1716 251 [a.
1762 182 1819 236 U.
1859 198 1904 238 6.
1943 184 2071 254 541]

280 333 313 378 6
353 320 524 405 quod
571 321 628 384 si
675 321 854 387 abire
911 321 993 386 ab
1040 321 1352 386 Romanis
1406 322 1624 404 liceat,
1683 323 1888 399 redire
1944 323 2027 388 ad
2080 345 2189 390 eos
2234 347 2365 390 non

352 408 575 493 liceat,
612 409 713 474 cui
753 409 1021 474 dubium
1060 430 1225 491 esse,
1271 409 1424 490 quin
1460 408 1650 473 brevi
1680 410 2017 493 desperata
2052 411 2135 476 ab
2174 414 2364 479 sociis

351 496 649 563 Romana
692 519 761 561 re
806 496 1170 562 foederibus
1216 494 1474 560 Punicis
1523 496 1741 562 omnia
1792 499 1862 561 in
1906 498 2114 562 Italia
2145 499 2365 581 iuncta

284 597 314 644 7
353 587 556 651 visuri
602 585 775 650 sint?
823 606 891 650 se
935 588 1155 648 tamen
1197 604 1331 648 non
1378 605 1524 647 eum
1562 605 1726 668 esse,
1774 585 1885 669 qui
1921 585 2175 652 Altinio
2212 587 2363 652 fidei

355 676 724 757 quicquam
741 674 1017 737 censeat
1043 670 1440 755 habendum,
1483 671 1607 737 sed
1661 672 1940 745 mediam
1995 678 2363 740 secuturum

283 773 316 822 8
355 760 610 827 consilii
653 760 844 823 viam.
876 779 1118 842 neque
1167 760 1337 822 enim
1382 781 1499 843 pro
1540 760 1746 829 116616
1774 782 1979 846 neque
2024 784 2142 845 pro
2190 763 2362 828 socio

352 849 422 911 in
476 847 848 929 praesentia
911 847 1209 911 habitum
1277 847 1484 911 libera
1543 849 1836 914 custodia
1898 849 2073 914 haud
2137 851 2364 935 procul

353 946 393 998 a
437 935 671 998 castris
714 934 972 1016 placere
1025 934 1095 998 in
1149 935 1370 1018 aliqua
1421 934 1553 999 fida
1598 937 1861 1002 civitate
1917 959 2064 1002 eum
2123 940 2364 1003 servari

350 1041 466 1105 per
509 1020 671 1086 belli
713 1025 998 1104 tempus:
1044 1025 1440 1107 perpetrato
1463 1023 1636 1088 bello
1673 1027 1813 1088 tum
1852 1026 2365 1109 consultandum,

349 1112 568 1174 utrum
623 1109 799 1193 prior
846 1110 1121 1174 defectio
1166 1111 1311 1194 plus
1368 1104 1601 1175 merita
1655 1112 1743 1175 sit
1793 1132 2066 1196 poenae,
2122 1136 2206 1178 an
2259 1114 2366 1178 1116

280 1210 314 1258 9
351 1197 598 1262 reditus
625 1197 867 1263 veniae.
939 1196 1142 1262 Fabio
1173 1198 1513 1263 adsensum
1553 1202 1676 1282 est,
1716 1196 2100 1282 Calenisque
2127 1201 2363 1286 legatis

351 1286 630 1351 traditus
669 1289 733 1351 et
768 1286 910 1369 ipse
948 1290 1014 1350 et
1050 1286 1344 1371 comites3
1392 1290 1458 1351 et
1492 1286 1630 1351 auri
1668 1287 1828 1351 satis
1864 1307 2173 1372 magnum
2210 1309 2363 1371 pon-

250 1386 314 1434 16
354 1373 501 1458 dus,
548 1375 717 1458 quod
763 1395 978 1440 secum
1015 1375 1352 1459 attulerat,
1390 1374 1449 1439 61
1485 1375 1727 1440 servari
1761 1375 2026 1440 iussum.
2099 1374 2362 1441 Calibus

355 1486 501 1529 611111
530 1463 811 1528 interdiu
841 1464 1120 1528 solutum
1150 1462 1446 1527 custodes
1476 1464 1936 1547 sequebantur,
1975 1467 2163 1529 nocte
2193 1464 2363 1529 clau-

156 1568 169 1581 ·
251 1563 312 1610 11
354 1574 499 1616 sum
527 1551 977 1617 adservabant.
1049 1552 1246 1635 Arpis
1277 1552 1452 1615 domi
1486 1552 1769 1635 primum
1799 1552 2150 1616 desiderari
2177 1573 2366 1636 quae-

352 1641 534 1722 rique
572 1644 672 1703 est
710 1642 1001 1738 coeptus-3
1048 1639 1197 1701 dein
1233 1639 1408 1702 fama
1441 1660 1558 1720 per
1596 1643 1803 1703 totam
1840 1640 2067 1709 urbem
2102 1638 2367 1730 'volgata

352 1725 701 1789 tumultum
758 1729 834 1786 ut
889 1724 1182 1805 principe
1250 1725 1490 1787 amisso
1553 1724 1732 1807 fecit,
1790 1728 2090 1806 metuque
2148 1746 2363 1789 rerum

248 1824 314 1872 12
350 1832 663 1876 novarum
721 1810 1042 1893 extemplo
1103 1811 1318 1873 nuntii
1373 1810 1573 1889 1111661.
1672 1809 1905 1892 quibus
1960 1832 2363 1912 nequaquam

355 1898 633 1965 offensus
662 1896 944 1983 Poenus,
982 1897 1132 1979 quia
1162 1898 1273 1961 61
1255 1917 1467 1979 1psum
1503 1900 1577 1961 ut
1604 1897 1946 1982 ambiguae
1973 1888 2124 1963 fidei
2152 1900 2362 1963 virum

354 1990 723 2070 suspectum
767 1986 899 2052 iam
942 1986 1192 2069 pridem
1228 1984 1514 2049 habebat
1561 1989 1627 2049 et
1662 2007 1921 2050 causam
1957 1991 2186 2051 nactus
2225 1992 2364 2053 erat

250 2089 316 2137 13
353 2080 489 2141 tam
536 2075 690 2140 ditis
736 2074 1016 2153 hominis
1061 2074 1236 2138 bona
1279 2072 1648 2156 possidendi
1685 2073 2151 2160 vendendique3
2198 2078 2363 2141 cete-

352 2179 523 2247 rum,
577 2167 651 2227 ut
703 2163 838 2228 irae
884 2161 1093 2245 magis
1149 2182 1342 2245 quam
1390 2162 1702 2226 avaritiae
1756 2162 1982 2238 datum
2035 2126 2365 2228 crederent

352 2246 715 2350 1161611166,
733 2249 1179 2314 crudelitatem
1227 2270 1479 2349 quoque
1536 2249 1617 2312 ad
1672 2250 2047 2323 aviditatem
2100 2250 2363 2334 addidit,

248 2352 315 2400 14
353 2337 819 2437 coniugemque
848 2336 985 2400 eius
1015 2356 1090 2400 66
1117 2336 1408 2401 liberos
1390 2358 1457 2399 111
1477 2340 1688 2401 666116
1707 2337 1965 2419 6661166,
1986 2337 2362 2421 quaestione

350 2424 531 2509 prius
586 2424 814 2488 habita
867 2423 1150 2507 primum
1206 2424 1284 2488 de
1330 2423 1487 2508 fuga
1530 2423 1765 2505 Altini,
1821 2423 1996 2509 dein,
2049 2429 2363 2508 quantum

352 2512 496 2577 auri
523 2512 896 2597 argentique
926 2510 1100 2576 domi
1126 2512 1426 2576 relictum
1454 2516 1645 2596 esset,
1664 2512 1823 2577 satis
1851 2513 2135 2599 cognitis
2163 2515 2364 2579 omni-

350 2601 473 2666 bus
518 2601 700 2666 vivos
746 2599 1120 2666 combussit.

284 2704 312 2751 1
528 2687 758 2755 XLVI.
785 2688 1025 2754 Fabius
1054 2688 1137 2753 ab
1168 2686 1472 2753 Suessula
1498 2689 1823 2772 profectus
1843 2684 2056 2772 Arpos
2082 2689 2361 2772 primum

352 2779 600 2843 institit
626 2798 1020 2862 oppugnare.
1089 2777 1204 2841 ubi
1239 2798 1385 2841 cum
1424 2799 1464 2841 a
1493 2777 1862 2862 quingentis
1892 2777 2024 2840 fere
2059 2775 2361 2857 passibus

345 2871 568 2931 ‘castra
592 2866 938 2950 posuisset,
966 2865 1433 2947 contemplatus
1467 2886 1544 2928 ex
1568 2865 1929 2948 propinquo
1958 2863 2156 2927 situm
2181 2864 2360 2929 urbis

355 2953 763 3036 moeniaque,
809 2973 972 3035 quae
1017 2972 1168 3034 pars
1224 2952 1553 3015 tutissima
1605 2951 1941 3014 moenibus
2000 2954 2165 3034 erat,
2212 2953 2363 3036 quia
2449 2977 2456 2982 ·

353 3040 632 3103 maxime
676 3040 1040 3123 neglectam
1085 3038 1377 3102 custodia
1420 3037 1608 3121 vidit,
1664 3059 1741 3102 ea
1795 3037 2206 3123 potissimum
2252 3039 2361 3104 ad-

280 3141 315 3191 2
354 3126 534 3212 gredi
593 3126 844 3191 statuit.
949 3124 1340 3209 comparatis
1408 3126 1702 3190 omnibus
1711 3175 1731 3209 ,
1798 3147 1960 3210 quae
2030 3128 2113 3192 ad
2168 3128 2360 3194 urbes

355 3214 816 3301 oppugnandas
870 3214 1016 3279 usui
1069 3217 1245 3297 sunt,
1301 3214 1742 3280 centurionum
1796 3216 2034 3281 robora
2087 3237 2165 3280 ex
2216 3218 2358 3279 toto

355 3306 639 3369 exercitu
684 3302 927 3387 delegit
977 3302 1401 3385 tribunosque
1445 3302 1621 3367 viros
1665 3302 1866 3369 fortes
1914 3304 2006 3368 eis
2050 3301 2361 3386 praefecit

356 3395 422 3456 et
455 3393 700 3457 milites
739 3395 1092 3476 sescentos,
1121 3394 1460 3492 quantum·
1466 3391 1625 3456 satis
1655 3391 1864 3456 visum
1901 3394 2028 3474 est,
2063 3388 2361 3454 attribuit

354 3500 620 3563 eosque,
656 3480 771 3545 ubi
808 3483 1076 3565 quartae
1103 3475 1368 3565 vigiliae
1409 3479 1665 3586 signum
1702 3478 2060 3563 cecinisset,
2096 3477 2178 3542 ad
2214 3498 2362 3543 eum
