2654 3913
566 244 784 299 LIBER
818 245 988 300 xxv.
1063 245 1218 299 CAP.
1258 252 1343 348 40.
1383 251 1468 299 41.
1544 246 1620 317 [a.
1659 247 1716 300 c.
1756 249 1884 318 212]
2109 250 2232 312 109

94 406 105 417 ·
223 386 486 451 modum
539 386 778 488 facere,
833 387 1215 472 degenerem
1261 387 1494 452 Afrum
1543 387 1924 472 imperatori
1969 387 2237 454 Cartha-

224 474 501 560 giniensi
580 473 780 540 misso
863 476 945 539 ab
1029 479 1257 540 senatu
1339 476 1733 560 populoque!
1821 476 1879 540 is
1955 478 2320 560 perpu11t13

224 566 635 628 cunctantem
679 563 1032 647 Epicyden,
1079 565 1155 627 ut
1197 564 1592 647 transgressi
1637 563 1876 628 flumen
1921 564 1992 628 in
2038 565 2236 628 aciem

225 651 498 716 exirent.
559 673 714 715 nam
774 651 830 715 si
883 649 1232 715 Muttinem
1294 652 1768 736 opperirentur,
1832 655 1899 716 et
1958 651 2238 718 secunda

221 738 2233 909 {ilgenaexffiimssssiffiffeifidigssflnffuffiffiuffisssseffl¹2¹}
2278 839 2305 887 1

365 877 380 892 .
621 875 635 890 .
2221 878 2237 910 ,

224 914 335 998 qui
378 913 814 978 Hannibalem
870 913 1210 978 subnixum
1255 914 1528 979 victoria
1574 912 1897 979 Cannensi
1944 916 2025 980 ab
2060 912 2236 981 Nola

223 1002 640 1085 reppulisset,
699 1000 802 1066 his
855 1004 1031 1066 terra
1084 1002 1371 1086 marique
1427 1003 1615 1068 victis
1673 1004 1754 1068 ab
1811 1025 1880 1068 88
1934 1003 2235 1069 hostibus

224 1090 475 1173 cedere,
531 1111 713 1154 arma
764 1110 1036 1173 propere
1092 1111 1320 1173 capere
1375 1090 1618 1155 milites
1676 1093 1742 1155 et
1787 1091 1999 1154 efferri
2046 1090 2235 1176 signa

222 1177 421 1243 iubet.
510 1177 867 1242 instruente
927 1179 1277 1242 exercitum
1337 1178 1554 1243 decem
1615 1179 1831 1242 effusis
1893 1179 2072 1263 equis
2129 1179 2235 1243 ad·
2272 1191 2306 1239 2

224 1266 450 1331 volant
494 1287 571 1330 ex
612 1265 902 1330 hostium
950 1265 1085 1330 acie
1120 1263 1445 1330 Numidae
1479 1265 1854 1331 nuntiantes
1891 1267 2236 1348 populares

225 1374 402 1436 suos,
464 1353 746 1438 primum
812 1373 888 1415 ea
953 1351 1269 1416 seditione
1337 1355 1577 1436 motos,
1640 1374 1768 1435 qua
1829 1353 2103 1416 trecenti
2158 1373 2236 1416 ex

223 1461 493 1505 numero
540 1461 656 1504 suo
704 1438 1138 1503 concesserint
1183 1437 1588 1521 Heracleam,
1645 1438 1792 1502 dein
1837 1439 2008 1521 quod
2052 1459 2235 1522 prae·
2274 1452 2307 1498 a

224 1528 469 1593 fectum
526 1548 711 1591 suum
768 1526 849 1590 ab
906 1526 1417 1590 obtrectantibus
1472 1525 1740 1590 ducibus
1797 1526 2046 1608 gloriae
2100 1526 2236 1590 eius
2339 1547 2344 1551 ·

225 1616 347 1680 sub
403 1615 614 1698 ipsam
669 1612 1041 1678 certaminis
1095 1613 1264 1677 diem
1310 1613 1686 1697 ablegatum
1731 1612 2015 1697 videant,
2062 1614 2237 1697 quie-

224 1707 409 1768 turos
455 1703 523 1767 in
567 1722 803 1786 pugna.
878 1722 1035 1786 gens
1084 1700 1285 1766 fallax
1319 1702 1625 1785 promissi
1661 1701 1854 1776 fidem
1888 1701 2236 1785 praestitit.
2273 1714 2307 1761 4

223 1792 445 1875 itaque
511 1794 576 1855 et
631 1789 942 1854 Romanis
974 1819 979 1824 ·
1006 1788 1209 1855 crevit
1266 1790 1520 1855 animus
1578 1789 1808 1855 nuntio
1871 1789 2065 1855 celeri
2120 1811 2239 1875 per

224 1879 481 1943 ordines
519 1878 739 1963 1111880,
776 1878 1158 1943 destitutum
1196 1878 1276 1942 ab
1316 1878 1531 1963 equite
1564 1877 1823 1943 hostem
1852 1898 2009 1962 esse,
2046 1899 2236 1963 quem

225 1968 504 2032 maxime
540 1967 914 2050 timuerant,
950 1971 1018 2031 et
1051 1967 1265 2032 territi
1299 1966 1539 2050 hosteS,
1576 1970 2031 2050 praeterquam
2067 1967 2236 2050 quod
2274 1978 2308 2033 Ε»

227 2054 512 2118 maxima
555 2057 741 2136 parte
786 2054 1023 2117 virium
1069 2076 1330 2117 suarum
1351 2055 1506 2118 ‘non
1550 2054 1959 2136 iuvabantur,
2002 2054 2237 2118 timore

228 2142 425 2206 etiam
472 2141 756 2223 incusso,
800 2161 881 2204 ne
928 2142 1008 2206 ab
1057 2145 1311 2205 suomet
1353 2141 1485 2224 ipsi
1532 2141 1745 2225 equite
1793 2161 2239 2225 oppugnaren-

136 2304 143 2311 ,
224 2235 352 2294 tur.
449 2228 668 2312 itaque
736 2190 911 2293 haud
983 2228 1207 2313 magni
1281 2229 1651 2294 certaminis
1721 2228 1849 2293 fuit
1898 2230 2235 2313 proelium3
2274 2243 2307 2291 6

226 2319 473 2401 primus
522 2318 766 2382 clamor
813 2320 1004 2401 atque
1047 2318 1306 2400 inpetus
1353 2338 1489 2381 rem
1536 2317 1834 2382 decrevit.
1919 2315 2239 2382 Numidae

230 2427 373 2470 cum
444 2405 514 2470 in
587 2426 897 2470 concursu
964 2405 1166 2490 quieti
1233 2406 1568 2471 stetissent
1630 2406 1700 2470 in
1763 2406 2094 2490 cornibuS,
2165 2409 2240 2471 ut

225 2497 413 2577 terga
478 2491 691 2557 dantis
747 2514 898 2558 suos
953 2494 1274 2577 viderunt,
1338 2492 1530 2579 fugae
1583 2496 1840 2557 tantum
1871 2515 2239 2577 parumper

229 2580 498 2644 comites
560 2577 750 2661 facti,
812 2582 1159 2662 postquam
1217 2601 1439 2644 omnes
1493 2579 1929 2663 Agrigentum
1983 2582 2235 2662 trepido
2277 2595 2304 2641 7

229 2666 489 2752 agmine
536 2669 829 2748 petentes
867 2665 1181 2743 viderunt,
1224 2666 1355 2746 ipsi
1390 2671 1568 2730 metu
1606 2666 1961 2731 obsidionis
1996 2668 2241 2749 passim

227 2755 295 2819 in
353 2753 638 2819 civitatis
692 2774 1039 2838 proxumas
1087 2715 1342 2834 dilapsi.
1430 2752 1638 2816 multa
1683 2752 1865 2817 milia
1906 2752 2242 2818 hominum

226 2863 433 2923 caesa,
480 2846 671 2924 capta
714 2861 823 2906 sex
864 2841 1048 2905 milia
1091 2844 1159 2904 et
1204 2842 1348 2904 octo
1397 2839 1744 2923 elephanti.
1813 2842 1976 2906 haec
2008 2842 2241 2907 ultima

226 2929 297 2994 in
354 2892 578 3081 Si'cillia
635 2928 931 2994 Marcelli
988 2949 1212 3014 pugna
1265 2927 1413 2992 fuit.
1502 2929 1711 2994 victor
1768 2929 1915 2993 inde
1974 2927 2240 3014 Syracu-

228 3038 334 3082 sas
379 3038 448 3081 re
495 3017 589 3081 iit.

404 3103 545 3168 Iam
599 3103 802 3169 ferme
858 3105 927 3169 in
982 3105 1159 3170 exitu
1216 3126 1420 3170 annus
1478 3108 1643 3189 erat3
1698 3106 1917 3190 itaque
1974 3111 2235 3173 senatus
2273 3119 2306 3167 8

226 3192 471 3258 Romae
531 3191 842 3277 decrevit,
886 3197 961 3259 ut
1003 3191 1074 3257 P.
1120 3191 1451 3259 Cornelius
1505 3156 1766 3277 praetor
1818 3196 2074 3260 litteras
2120 3194 2239 3261 Oa-

225 3302 422 3364 puam
494 3279 601 3344 ad
651 3280 945 3345 consules
1019 3279 1336 3346 mitteret.
1408 3281 1557 3345 dum
1620 3280 1946 3346 Hannibal
2009 3283 2307 3366 procule

225 3368 512 3451 abesset,
570 3389 691 3432 nec
749 3369 883 3432 ulla
942 3369 1165 3452 magni
1220 3369 1609 3434 discriminis
1664 3391 1766 3434 res
1823 3370 1904 3434 ad
1950 3368 2236 3455 Capuam

227 3460 573 3539 gereretur,
613 3456 784 3521 alter
821 3478 1061 3540 eorum,
1099 3457 1155 3521 si
1190 3457 1286 3521 ita
1321 3458 1660 3541 videretur,
1698 3456 1778 3522 ad
1815 3458 2235 3544 magistratus

225 3543 670 3630 subrogandos
710 3543 987 3611 Romam
1033 3544 1298 3609 veniret.
1361 3545 1596 3610 litteris
1643 3549 1925 3632 acceptis
1960 3548 2130 3612 inter
2166 3570 2236 3614 se
2259 3560 2325 3611 ιο
