2654 3913
679 206 901 262 LIBER
936 206 1109 270 XXV.
1184 206 1337 261 CAP.
1376 213 1460 261 38.
1536 209 1608 278 [a.
1650 207 1706 261 C.
1745 210 1872 280 212]
2131 171 2280 275 '105

272 371 528 434 quoque
572 351 858 434 profecto
907 351 964 417 si
1009 351 1152 435 quis
1197 354 1485 435 quaerat,
1536 371 1813 434 quonam
1858 352 2049 417 modo
2094 354 2284 436 pauci

272 461 312 502 a
368 439 619 523 multis,
672 438 828 504 victi
884 461 924 504 a
976 438 1331 505 victoribus
1389 441 1600 503 castra
1651 438 1847 503 tutati
1893 439 2066 523 sitis,
2121 440 2283 504 nihil

274 526 446 591 aliud
492 527 955 611 respondeatis,
1002 549 1195 611 quam
1232 527 1356 592 id
1337 548 1552 610 1psum
1588 526 1875 591 timentis
1914 548 2027 591 vos
2067 528 2300 593 omnia

273 619 340 679 et
411 616 712 699 operibus
783 616 1043 679 firmata
1112 614 1420 679 habuisse
1491 619 1549 680 et
1617 614 1795 697 ipsos
1859 618 2125 698 paratos
2188 616 2283 678 in-

273 704 680 787 structosque
733 702 952 767 fuisse.
1042 706 1109 766 et
1160 703 1257 767 ita
1303 724 1371 767 se
1415 724 1520 768 res
1565 702 1793 767 habet:
1849 703 1929 767 ad
1974 702 2069 788 id,
2115 704 2286 786 quod
2310 715 2374 762 14

269 811 351 854 ne
395 792 707 855 timeatur
751 790 1017 855 fortuna
1062 790 1248 872 facit,
1293 791 1560 854 minime
1605 790 1733 855 tuti
1781 794 1934 855 sunt
1976 790 2285 875 homines,

273 879 441 962 quia,
479 878 651 962 quod
688 879 1071 963 neglexeris,
1108 879 1458 959 incautum,
1481 882 1674 962 atque
1703 882 1995 961 apertum
2022 878 2283 944 habeas-

270 965 435 1029 nihil
490 966 779 1031 omnium
832 988 1000 1030 nunc
1053 966 1268 1030 minus
1323 970 1622 1031 metuunt
1666 966 1887 1032 hostes
1898 1018 1916 1051 ,
1964 989 2158 1051 quam
2202 989 2284 1031 ne
2305 978 2369 1026 15

273 1054 523 1119 obsessi
578 1053 782 1119 modo.
823 1054 952 1138 ipsi
1009 1058 1204 1138 atque
1260 1055 1617 1138 oppugnati
1675 1058 1890 1120 castra
1946 1078 2065 1120 sua
2109 1056 2283 1120 ultro

273 1161 736 1226 oppugnemus,
813 1143 1175 1226 audeamus,
1221 1143 1395 1226 quod
1441 1143 1613 1207 credi
1658 1164 1789 1207 non
1835 1146 2054 1226 potest
2100 1166 2284 1208 ausu-

170 1247 173 1250 ’
268 1251 379 1293 ros
426 1251 562 1294 nos.
655 1251 731 1295 eo
777 1230 947 1313 ipso,
994 1230 1164 1314 quod
1211 1230 1665 1295 difficillimum
1712 1230 1982 1314 videtur,
2027 1231 2281 1296 facilius

271 1318 410 1383 erit.
448 1321 456 1329 '
498 1317 697 1383 tertia
751 1319 978 1401 vigilia
1032 1318 1242 1383 noctis
1299 1318 1517 1381 silenti
1575 1318 1832 1402 agmine
1877 1317 2106 1382 ducam
2154 1341 2283 1384 vos,
2306 1332 2371 1380 16

273 1406 677 1489 exploratum
734 1405 943 1470 habeo
998 1426 1130 1468 non
1184 1404 1559 1487 vigiliarum
1605 1405 1926 1488 ordinem,
1982 1426 2113 1469 non
2159 1408 2283 1470 sta-

270 1493 483 1557 tiones
531 1493 735 1556 iustas
783 1512 941 1556 esse.
1014 1493 1252 1555 clamor
1287 1491 1358 1555 in
1394 1491 1600 1575 portis
1640 1492 1896 1556 auditus
1936 1496 2003 1556 et
2035 1492 2283 1575 primus
2310 1506 2372 1555 1⁷

271 1579 553 1663 impetus
624 1583 838 1644 castra
906 1588 1166 1664 ceperit.
1255 1589 1399 1644 tum
1466 1580 1639 1644 inter
1699 1579 1993 1663 torpidos
2058 1602 2283 1646 somno

270 1668 695 1752 paventisque
743 1668 824 1732 ad
868 1667 1325 1750 necopinatum
1371 1668 1724 1732 tumultum
1771 1671 1838 1731 et
1890 1668 2159 1733 inermis
2215 1670 2283 1734 in

273 1756 593 1822 cubilibus
641 1757 774 1821 suis
822 1776 1166 1841 oppressos
1213 1754 1329 1821 illa
1370 1755 1595 1821 caedes
1635 1756 1882 1840 edatur,
1928 1779 1966 1820 a
2004 1779 2133 1842 qua
2168 1779 2281 1823 vos

271 1845 573 1910 hesterno
642 1844 744 1909 die
810 1847 1146 1909 revocatos
1212 1865 1405 1929 aegre
1458 1843 1785 1909 ferebatis.
1884 1845 2014 1910 scio
2074 1846 2282 1911 audax
2304 1858 2370 1908 18

182 2012 185 2013 ⁷
272 1932 476 1998 videri
540 1932 911 2018 consilium;
977 1931 1087 1998 sed
1140 1932 1209 1997 in
1262 1933 1456 1999 rebus
1515 1932 1761 2017 asperis
1817 1935 1883 1998 et
1937 1934 2119 1999 tenui
2170 1958 2283 2019 spe

271 2021 631 2085 fortissima
677 2042 967 2104 quaeque
1013 2020 1286 2084 consilia
1319 2020 1651 2086 tutissima
1690 2023 1861 2103 sunt,
1907 2022 2077 2105 quia,
2123 2023 2181 2086 si
2216 2024 2285 2086 in

273 2108 629 2173 occasionis
684 2111 1042 2190 momento,
1097 2107 1277 2172 cuius
1332 2107 1768 2190 praetervolat
1812 2109 2285 2192 opportunitas,

272 2199 607 2261 cunctatus
678 2195 944 2279 paulum
1006 2194 1232 2279 fueris,
1302 2196 1696 2297 nequiquam
1759 2217 1910 2260 mox
1976 2197 2281 2262 omissam

271 2306 564 2369 quaeras.
652 2306 818 2349 unus
873 2283 1189 2349 exercitus
1244 2282 1313 2348 in
1358 2284 1719 2368 propinquo
1765 2288 1891 2368 est,
1937 2284 2062 2350 duo
2107 2285 2280 2352 haud
2303 2298 2368 2347 19

270 2374 495 2475 procul
552 2373 817 2455 absunt3
871 2393 1043 2438 nunc
1097 2372 1621 2457 adgredientibus
1679 2395 1825 2457 spes
1883 2373 2103 2476 aliqua
2158 2378 2283 2456 est3

272 2465 340 2525 et
400 2462 529 2525 iam
592 2461 964 2544 temptastis
1028 2464 1275 2525 vestras
1344 2465 1538 2545 atque
1601 2460 1866 2526 illorum
1930 2463 2117 2527 vires,
2222 2464 2279 2528 si
2300 2475 2370 2524 20

273 2548 443 2612 diem
506 2547 894 2631 proferimus
960 2551 1026 2612 et
1087 2549 1428 2612 hesternae
1495 2549 1848 2631 eruptionis
1908 2549 2082 2613 fama
2138 2572 2284 2614 con-

272 2635 476 2699 temni
551 2634 952 2717 desierimuS,
1023 2635 1380 2715 periculum
1446 2641 1573 2718 est,
1642 2656 1723 2698 ne
1791 2657 2012 2700 omnes
2076 2637 2285 2718 duceS,

275 2744 496 2787 omnes
573 2723 794 2805 copiae
865 2721 1266 2785 conveniant.
1370 2725 1505 2785 tres
1570 2719 1796 2784 deinde
1843 2722 2077 2804 duces,
2148 2727 2283 2788 tres

274 2811 590 2875 exercitus
646 2809 1107 2875 sustinebimus
1161 2807 1478 2891 hostium,
1533 2828 1694 2891 quos
1751 2807 1864 2873 Cn.
1919 2806 2134 2892 Scipio
2192 2810 2283 2874 in·

275 2898 511 2961 columi
575 2899 857 2963 exercitu
921 2917 1051 2961 non
1114 2894 1470 2961 sustinuit?
1532 2899 1607 2960 ut
1667 2894 2008 2962 dividendo
2065 2898 2279 2983 copias
2301 2910 2367 2958 21

167 3011 173 3016 ·
273 2984 518 3069 periere
573 2986 762 3051 duces
815 2985 1049 3067 nostri,
1102 2984 1198 3048 ita
1244 2984 1597 3067 separatim
1645 3006 1719 3050 ac
1766 2985 1957 3050 divisi
2002 2987 2284 3071 opprimi

272 3075 550 3155 possunt
628 3073 869 3138 hostes,
972 3073 1100 3137 alia
1171 3073 1330 3138 belli
1401 3073 1662 3158 gerendi
1737 3074 1842 3139 via
1911 3074 2096 3140 nulla
2167 3079 2282 3141 est.

272 3159 544 3243 proinde
588 3160 749 3224 nihil
794 3163 1051 3243 praeter
1095 3161 1306 3226 noctis
1354 3162 1685 3245 proximae
1728 3164 2283 3246 opportunitatem

273 3251 699 3332 expectemus.
771 3248 861 3313 ite
907 3248 1041 3313 deis
1090 3250 1251 3313 bene
1298 3250 1694 3332 iuvantibuS,
1740 3271 2012 3333 corpora
2052 3253 2372 3333 curate,22

271 3341 346 3402 ut
388 3336 626 3423 integri
670 3336 1088 3422 vigentesque
1128 3337 1353 3402 eodem
1392 3338 1606 3402 animo
1643 3337 1711 3401 in
1748 3342 1962 3401 castra
1995 3336 2283 3402 hostium

271 3425 682 3509 inrumpatiS,
731 3446 857 3509 quo
904 3427 1120 3489 vestra
1163 3425 1365 3491 tutati
1412 3424 1625 3490 estis.“

447 3513 631 3578 Laeti
677 3516 743 3577 et
788 3510 1045 3578 audiere
1092 3514 1173 3578 ab
1204 3536 1390 3580 ‚novo
1440 3513 1594 3578 duce
1639 3535 1877 3579 novum
1924 3514 2281 3600 consilium,
2301 3528 2370 3575 23
