2654 3913
306 173 391 236 20
656 169 870 223 LIBER
903 169 1097 223 xxrv.
1175 168 1334 223 GAP.
1377 175 1458 223 18.
1536 169 1610 239 [a.
1649 168 1714 222 U.
1752 185 1797 223 ο.
1837 171 1968 241 540]

238 325 266 373 1
481 309 726 376 XVIII.
772 310 910 376 Nec
938 311 1188 376 minore
1218 311 1434 375 animo
1462 331 1565 374 res
1595 309 1888 375 Romana
1925 311 2098 376 domi
2129 334 2323 396 quam

234 413 267 461 2
306 400 581 466 militiae
631 401 992 486 gerebatur.
1085 419 1382 464 censores
1427 397 1612 461 vacui
1669 398 1750 461 ab
1798 420 2063 482 operum
2108 401 2321 465 locan-

308 489 535 555 dorum
565 511 717 555 cura
743 492 1010 573 propter
1041 486 1329 569 inopiam
1365 485 1600 549 aerarii
1636 485 1718 556 ad
1747 507 1958 551 mores
1987 487 2323 552 hominum

307 578 626 664 regendos
657 578 940 642 animum
968 575 1379 639 adverterunt
1404 573 1909 658 castigandaque
1935 575 2112 658 vitia,
2142 597 2323 661 quae,

308 669 487 732 velut
531 665 797 730 diutinis
841 662 1084 727 morbis
1132 679 1330 744 aegra
1386 683 1656 745 corpora
1718 685 1795 728 ex
1843 683 1982 728 sese
2028 664 2324 748 gignunt,

238 767 271 815 3
311 777 385 819 eo
431 756 588 817 nata
633 751 807 816 bello
856 751 1053 814 erant.
1116 748 1398 832 primum
1437 771 1546 815 eos
1586 751 1971 834 citaverunt,
2019 753 2128 836 qui
2173 756 2325 836 post

308 841 707 906 Cannensem
760 838 992 918 cladem
1048 837 1407 904 deserendae
1457 838 1509 902 Ι
1503 839 1689 905 taliae
1741 841 2000 906 consilia
2062 841 2327 924 aqitasse

309 927 700 992 dicebantur.
768 925 1062 1009 princeps
1093 946 1315 990 eorum
1343 925 1429 990 M.
1459 923 1776 992 Caecilius
1805 926 2107 994 Metellus
2137 951 2324 1014 quae-

235 1029 271 1076 4
308 1019 446 1080 stor
490 1019 631 1079 tum
676 1014 842 1079 forte
889 1018 1045 1078 erat.
1133 1013 1312 1080 iusso
1361 1014 1586 1079 deinde
1633 1036 1708 1081 eo
1756 1018 2113 1101 ceterisque
2160 1019 2324 1084 eius-

306 1103 450 1167 dem
485 1124 693 1167 noxae
727 1101 858 1166 reis
888 1123 1148 1166 causam
1178 1101 1415 1186 dicere,
1452 1124 1597 1167 cum
1625 1104 1891 1188 purgari
1930 1105 2325 1189 nequissent,

303 1191 811 1274 pronuntiarunt
864 1191 1060 1255 verba
1116 1191 1602 1274 orationemque
1658 1213 1767 1256 eos
1822 1191 2131 1257 adversus
2187 1214 2324 1257 rem

304 1279 632 1363 publicam
677 1277 1012 1362 habuisse,
1070 1300 1196 1362 quo
1253 1278 1613 1345 coniuratio
1663 1280 2047 1345 deserendae
2091 1278 2326 1346 Italiae

238 1376 269 1426 5
309 1389 501 1432 causa
544 1366 744 1431 fieret.
827 1367 1174 1432 secundum
1222 1388 1333 1433 eos
1380 1367 1561 1432 citati
1606 1367 1802 1433 nimis
1851 1367 2071 1433 callidi
2119 1371 2325 1434 exsol-

307 1455 496 1521 vendi
522 1455 683 1519 iuris
710 1455 964 1520 iurandi
990 1456 1398 1540 interpretes,
1423 1457 1534 1540 qui
1562 1457 1961 1541 captivorum
1991 1479 2068 1522 ex
2095 1457 2327 1522 itinere

307 1543 584 1629 regressi
622 1544 789 1608 clam
826 1545 895 1608 in
932 1549 1147 1610 castra
1182 1545 1573 1610 Hannibalis
1612 1547 1922 1628 solutum,
1959 1545 2130 1630 quod
2161 1546 2329 1610 iura-

238 1642 272 1690 6
308 1634 538 1697 verunt
589 1632 908 1696 redituros
917 1682 935 1714 ,
988 1633 1316 1697 rebantur.
1407 1632 1512 1697 his
1575 1633 2139 1716 superioribusque
2196 1635 2329 1698 illis

309 1721 456 1804 equi
494 1720 806 1803 adempti,
845 1719 955 1802 qui
990 1719 1325 1800 publicum
1364 1740 1595 1802 equom
1632 1718 1989 1802 habebant,
2026 1720 2330 1804 tribuque

239 1819 269 1868 7
310 1808 473 1874 moti
537 1807 772 1873 aerarii
833 1827 1054 1871 omnes
1115 1806 1290 1871 facti.
1390 1826 1596 1890 neque
1663 1810 1893 1870 senatu
1957 1805 2149 1872 modo
2218 1811 2332 1871 aut

311 1898 595 1982 equestri
641 1896 865 1963 ordine
909 1894 1191 1980 regendo
1239 1915 1390 1959 cura
1435 1916 1504 1959 se
1550 1915 1887 1960 censorum
1933 1895 2170 1979 tenuit3
2218 1916 2324 1960 no·

311 1989 490 2052 mina
544 1986 828 2052 omnium
885 2006 964 2048 ex
1017 1983 1365 2048 iuniorum-
1394 1983 1635 2047 tabulis
1692 1986 2173 2068 excerpserunt,
2219 1985 2330 2069 qui

314 2075 737 2161 quadriennio
765 2096 898 2139 non
924 2072 1340 2154 militassent,
1376 2071 1607 2154 quibus
1635 2092 1843 2155 neque
1871 2072 2125 2137 vocatio
2156 2073 2331 2137 iusta

242 2173 275 2221 8
313 2166 590 2229 militiae
633 2185 842 2247 neque
888 2161 1150 2226 morbus
1197 2180 1392 2223 causa
1434 2159 1685 2225 fuisset.
1754 2164 1821 2224 et
1859 2181 1934 2225 ea
1970 2182 2167 2243 supra
2203 2160 2329 2226 duo

314 2252 497 2316 milia
531 2250 867 2315 nominum
902 2249 971 2312 in
1000 2247 1280 2311 aerarios
1309 2246 1518 2311 relata
1548 2248 1850 2331 tribuque
1879 2269 2099 2313 omnes
2137 2249 2328 2332 moti3

243 2348 275 2396 9
317 2338 727 2420 additumque
781 2340 919 2400 tam
973 2335 1141 2399 truci
1195 2334 1525 2399 censoriae
1578 2339 1770 2400 notae
1826 2336 2012 2399 triste
2068 2339 2329 2401 senatus

314 2424 704 2507 consultum,
741 2427 818 2487 ut
845 2423 903 2486 ei
931 2444 1182 2505 omneS,
1221 2444 1381 2507 quos
1420 2444 1718 2488 censores
1755 2427 2119 2508 notassent,
2155 2424 2332 2509 pedi-

312 2514 434 2577 bus
480 2514 801 2575 mererent
846 2510 1383 2595 mitterenturque
1419 2511 1489 2575 in
1529 2509 1819 2577 Siciliam
1859 2512 1940 2576 ad
1976 2510 2332 2577 Cannensis

315 2599 628 2665 exercitus
665 2598 996 2684 reliquias,
1034 2598 1136 2664 cui
1171 2600 1453 2664 militum
1493 2600 1716 2685 generi
1742 2622 1874 2666 non
1903 2601 2108 2685 prius,
2139 2623 2333 2685 quam

314 2688 537 2773 pulsus
574 2687 769 2752 Italia
795 2688 1002 2753 hostis
1033 2692 1230 2772 esset,
1265 2688 1521 2753 finitum
1559 2688 2032 2773 stipendiorum
2068 2693 2327 2772 tempus

213 2787 280 2835 10
318 2780 470 2842 erat.
562 2774 725 2841 Cum
771 2797 1067 2841 censores
1115 2778 1198 2841 ob
1242 2778 1527 2860 inopiam
1584 2777 1818 2842 aerarii
1874 2798 1942 2841 se
1986 2775 2117 2840 iam
2163 2776 2333 2840 loca-

315 2864 599 2929 tionibus
639 2864 1038 2929 abstinerent
1077 2865 1333 2929 aedium
1371 2887 1699 2930 sacrarum
1736 2864 2123 2929 tuendarum
2151 2885 2334 2929 curu-

315 2954 601 3036 liumque
631 2974 939 3036 equorum
967 2953 1480 3035 praebendorum
1516 2974 1590 3018 ac
1630 2952 1937 3017 similium
1964 2952 2069 3016 his
2097 2973 2334 3036 rerum,

215 3051 276 3098 11
318 3061 671 3107 convenere
719 3040 798 3105 ad
846 3062 955 3106 eos
995 3040 1390 3124 frequentes,
1437 3042 1547 3125 qui
1582 3040 1811 3105 hastae
1848 3040 2039 3106 huius
2077 3042 2334 3125 generis

322 3129 773 3212 adsueverant,
826 3127 1198 3212 hortatique
1258 3149 1553 3194 censores
1598 3133 1765 3212 sunt,
1812 3131 1887 3193 ut
1932 3130 2152 3194 omnia
2195 3150 2334 3213 per-

320 3219 467 3283 inde
515 3221 783 3303 agerent
827 3217 1142 3300 locarent,
1190 3238 1262 3281 ac
1308 3217 1365 3281 si
1410 3216 1684 3300 pecunia
1728 3216 1799 3281 in
1846 3219 2091 3283 aerario
2140 3220 2336 3282 esset:

321 3307 645 3371 neminem
681 3304 810 3371 nisi
847 3304 1015 3370 bello
1054 3306 1348 3371 confecto
1389 3305 1728 3388 pecuniam
1766 3305 1847 3369 ab
1889 3305 2136 3370 aerario
2173 3304 2336 3385 peti-

220 3404 284 3452 12
323 3397 538 3458 turum
577 3416 736 3460 esse.
809 3415 1160 3461 convenere
1207 3392 1430 3459 deinde
1470 3394 1713 3459 domini
1750 3414 1999 3476 eorum,
2044 3411 2203 3475 quos
2241 3389 2338 3455 Ti.

324 3479 736 3565 Sempronius
777 3484 854 3549 ad
887 3484 1333 3549 Beneventum
1371 3505 1566 3548 manu
1605 3484 1932 3563 emiserat,
1971 3478 2339 3545 arcessitos-
