2654 3913
388 198 470 260 10
676 195 892 252 LIBER.
926 198 1125 253 xxw.
1200 198 1349 252 cAP.
1389 206 1435 253 8.
1516 199 1589 268 [a.
1627 197 1690 252 U.
1730 215 1775 253 ο.
1815 205 1933 254 539.
1974 199 2101 272 540]

308 354 339 401 9
377 343 632 405 tantum
660 340 1118 407 incohantibus
1147 363 1250 406 res
1278 354 1485 406 annus
1523 341 1996 428 circumagitur.
2070 365 2389 428 quomam,

378 429 602 513 quales
630 430 807 495 viros
837 452 1052 495 creare
1082 450 1195 495 vos
1225 429 1522 494 consules
1549 430 1787 515 deceat,
1812 433 1972 496 satis
2004 436 2103 496 est
2129 432 2392 516 dictum,

375 520 601 603 restat,
663 523 738 584 ut
788 540 996 605 pauca
1041 517 1120 581 de
1166 517 1284 601 eis,
1339 517 1410 581 in
1464 539 1625 601 quos
1670 521 2164 605 praerogativae
2210 521 2392 586 favor

277 619 341 667 ιο
377 605 736 691 inclinavit,
801 607 1026 670 dicam.
1122 603 1209 670 M.
1263 603 1581 671 Aemilius
1639 605 1932 690 Regillus
1995 609 2229 674 flamen
2293 614 2392 674 est

380 694 754 776 Quirinalis,
792 715 981 777 quem
1017 714 1225 777 neque
1262 693 1521 758 mittere
1559 716 1599 758 a
1635 695 1834 760 sacris
1871 718 2079 779 neque
2115 698 2409 763 retinere.

377 803 747 865 possumus,
806 785 880 845 ut
932 801 1062 845 non
1122 781 1313 845 deum
1369 785 1481 847 aut
1526 783 1678 847 belli
1731 784 2097 850 deseramus
2154 807 2390 850 curam.

277 882 336 929 11
378 869 689 933 Otacilius
720 868 957 933 sororis
986 890 1166 933 meae
1193 869 1395 934 filiam
1424 892 1688 935 uxorem
1718 875 1911 957 atque
1943 895 2018 938 ex
2049 894 2123 937 ea
2151 873 2389 938 liberos

375 955 601 1039 habet3
648 959 930 1021 ceterum
975 978 1104 1022 non
1151 979 1227 1021 ea
1272 960 1490 1023 vestra
1529 958 1595 1022 in
1633 980 1736 1022 me
1773 962 2175 1044 maioresque
2212 983 2390 1026 meos

378 1045 611 1109 merita
648 1047 823 1128 sunt,
859 1048 934 1108 ut
966 1067 1101 1110 non
1137 1045 1461 1129 potiorem
1497 1046 1769 1130 privatis
1809 1048 2389 1114 necessitudinibus

278 1145 337 1192 12
377 1153 515 1196 rem
559 1133 887 1215 publicam
933 1132 1227 1199 habeam.
1319 1133 1593 1219 quilibet
1646 1137 1984 1199 nautarum
2031 1139 2390 1200 vectorum-

378 1241 502 1304 que
546 1221 900 1305 tranquillo
948 1222 1109 1285 mari
1154 1222 1518 1306 gubernare
1563 1225 1803 1306 potest3
1851 1222 1963 1286 ubi
2009 1244 2200 1286 saeva
2246 1226 2391 1288 orta

375 1311 730 1393 tempestas
769 1313 869 1374 est
905 1330 979 1374 ac
1006 1310 1266 1373 turbato
1298 1309 1461 1373 mari
1488 1309 1741 1392 rapitur
1767 1314 1962 1375 vento
2002 1309 2214 1394 navis,
2250 1314 2388 1375 tum

275 1411 338 1458 13
377 1397 516 1463 viro
564 1402 631 1462 et
676 1398 1106 1482 gubernatore
1155 1419 1314 1480 opus
1368 1400 1482 1462 est.
1558 1418 1693 1462 non
1729 1398 2081 1483 tranquillo
2126 1399 2388 1484 naviga-

380 1508 548 1570 muS,
593 1487 706 1551 sed
750 1486 882 1551 iam
919 1486 1167 1572 aliquot
1209 1484 1512 1569 procellis
1550 1485 1867 1551 submersi
1903 1508 2105 1571 paene
2144 1509 2390 1573 sumus3

378 1576 622 1658 itaque,
670 1576 813 1660 quis
862 1575 943 1640 ad
989 1574 1421 1660 gubernacula
1467 1573 1710 1658 sedeat,
1756 1597 2010 1640 summa
2050 1597 2202 1641 cura
2243 1599 2389 1659 pro-

380 1662 723 1726 videndum
778 1684 850 1727 ac
904 1661 1418 1745 praecavendum
1472 1662 1655 1727 vobis
1713 1666 1827 1728 est.
1917 1663 1988 1727 in
2032 1664 2277 1728 minore
2324 1670 2390 1728 te

379 1750 647 1832 experti,
678 1748 753 1813 T.
780 1749 1042 1833 Otacili,
1079 1772 1148 1813 re
1178 1772 1428 1833 sumus3
1465 1748 1640 1814 haud
1668 1771 1849 1832 sane,
1885 1771 1997 1815 cur
2033 1751 2114 1815 ad
2141 1752 2390 1815 maiora

275 1850 340 1897 14
378 1836 499 1901 tibi
525 1836 827 1920 fidamus,
865 1837 1230 1903 documenti
1268 1838 1610 1921 quicquam
1648 1837 1900 1903 dedisti.
1968 1838 2237 1902 classem
2265 1838 2389 1904 hoc
2466 1915 2470 1922 ¹

378 1947 577 2010 anun,
624 1925 724 1991 cui
769 1929 841 1991 tu
885 1926 1248 2011 praefuisti,
1285 1926 1482 1991 trium
1518 1947 1733 1992 rerum
1772 1947 1967 1992 causa
2003 1927 2389 2012 paravimus,

377 2018 449 2080 ut
478 2013 737 2080 Africae
767 2037 948 2080 oram
978 2016 1421 2100 popularetur,
1450 2017 1524 2078 ut
1554 2019 1700 2080 tuta
1724 2015 1915 2079 nobis
1942 2014 2169 2080 Italiae
2197 2016 2389 2080 litora

378 2107 618 2189 essent,
681 2108 829 2169 ante
890 2105 1108 2170 omnia
1164 2124 1244 2167 ne
1292 2104 1810 2186 supplementum
1871 2124 2016 2168 cum
2071 2103 2387 2188 stipendio

378 2197 865 2277 commeatuque
903 2194 981 2257 ab
1013 2190 1407 2275 Carthagine
1435 2190 1788 2255 Hannibali
1823 2194 2388 2274 transportarettuz
2475 2245 2488 2254 .

277 2292 338 2339 15
381 2284 595 2344 create
632 2282 959 2345 consulem
989 2278 1060 2344 T.
1088 2278 1461 2362 Otacilium,
1498 2300 1630 2343 non
1666 2278 1831 2361 dic0,
1870 2280 1927 2343 si
1962 2279 2177 2343 omnia
2212 2277 2388 2362 haec,

380 2367 489 2432 sed
526 2369 580 2432 si
617 2367 859 2451 aliquid
896 2388 1117 2432 eorum
1152 2367 1247 2431 rei
1283 2367 1581 2452 publicae
1615 2366 1959 2450 praestitit.
2031 2367 2134 2431 sin
2172 2370 2388 2431 autem

377 2460 443 2520 te
481 2456 750 2520 classem
781 2456 1115 2521 obtinente
1144 2455 1518 2521 adiumenta
1543 2456 1753 2520 omnia
1780 2455 1919 2519 belli
1950 2456 2131 2520 velut
2156 2459 2387 2538 pacato

379 2545 541 2609 mari
585 2544 858 2609 navibus
905 2543 1255 2608 Hannibali
1308 2547 1454 2607 tuta
1508 2547 1701 2627 atque
1760 2544 2020 2626 integra
2067 2544 2148 2607 ab
2198 2543 2387 2607 domo

278 2646 340 2693 1ss
380 2636 714 2714 venerunt,
753 2633 809 2696 si
838 2654 950 2698 ora
976 2630 1205 2695 Italiae
1233 2631 1530 2696 infestior
1555 2631 1679 2695 hoc
1708 2653 1877 2695 anno
1908 2652 2101 2715 quam
2129 2630 2389 2696 Africae

380 2722 530 2805 fuit,
558 2721 709 2805 quid
739 2719 948 2785 dicere
974 2724 1186 2803 potes,
1217 2742 1333 2786 cur
1359 2723 1424 2783 te
1451 2719 1864 2803 potissimum
1892 2719 2119 2783 ducem
2147 2717 2390 2781 Hanni-

280 2823 339 2869 17
380 2810 515 2873 bali
572 2809 751 2873 hosti
810 2807 1255 2891 opponamus?
1355 2808 1410 2871 si
1469 2807 1693 2871 consul
1753 2828 1954 2890 esses,
2010 2805 2390 2871 dictatorem

381 2896 718 2961 dicendum
766 2896 1058 2979 exemplo
1106 2896 1420 2959 maiorum
1465 2897 1761 2959 nostrum
1797 2897 2225 2979 censeremuS,
2271 2915 2391 2958 nec

379 2989 450 3049 tu
503 2984 568 3048 id
623 2985 944 3068 indignari
999 3004 1251 3067 posses,
1315 2982 1594 3065 aliquem
1655 2981 1725 3045 in
1778 2981 2041 3045 civitate
2093 2980 2391 3046 Romana

379 3073 710 3137 meliorem
747 3073 916 3137 bello
954 3071 1182 3135 haberi
1222 3092 1415 3153 quam
1447 3075 1531 3133 te.
1604 3069 1815 3151 magis
1842 3068 2081 3132 nullius
2117 3069 2392 3132 interest

382 3183 573 3243 quam
610 3164 750 3243 tua,
794 3160 869 3224 T.
899 3158 1165 3241 Otacili,
1203 3180 1336 3222 non
1371 3157 1619 3239 imponi
1656 3154 2005 3219 cervicibus
2044 3155 2174 3221 tuis
2213 3178 2391 3236 onUS,

280 3260 342 3308 18
384 3248 500 3311 sub
557 3268 682 3330 quo
738 3244 1055 3311 concidas.
1147 3265 1266 3328 ego
1313 3263 1704 3327 magnopere
1758 3242 1994 3308 suadeo
2040 3264 2391 3325 moneoque,

383 3336 605 3400 eodem
652 3334 895 3416 animo,
943 3353 1094 3416 quo,
1140 3333 1195 3396 si
1242 3332 1563 3395 stantibus
1599 3331 1784 3395 vobis
1829 3331 1900 3394 in
1944 3331 2079 3395 acie
2124 3330 2390 3394 armatis

380 3426 643 3506 repente
673 3420 995 3507 deligendi
1023 3422 1147 3484 duo
1178 3419 1599 3502 imperatores
1629 3421 1866 3502 essent,
1897 3439 2166 3500 quorum
2194 3416 2392 3481 ductu

280 3523 341 3570 ιο
383 3515 574 3595 atque
605 3512 888 3596 auspicio
910 3509 1320 3593 dimicaretis,
1340 3506 1531 3574 hodie
1552 3528 1804 3592 quoque
1833 3505 2124 3571 consules
2146 3505 2392 3584 creetis,
