2654 3913
398 216 484 279 60
732 215 946 269 LIBER
982 217 1149 272 xxv.
1226 217 1376 271 oAP.
1416 223 1464 269 4.
1506 222 1554 270 5.
1636 218 1710 286 [a.
1748 216 1811 270 U.
1853 232 1898 271 ο.
1939 220 2065 289 542]

394 358 691 424 homines
729 360 856 425 nisi
892 359 1279 444 patientiam
1317 359 1847 442 magistratuum,
1894 361 2063 442 quod
2106 362 2413 428 cesserint

395 448 464 513 in
502 449 869 531 praesentia
903 448 1103 512 furori
1149 450 1340 529 atque
1388 445 1692 510 audaciae
1727 468 2081 529 paucorum
2118 450 2413 534 vincique

328 548 359 596 6
398 558 468 601 se
515 558 590 601 ac
635 537 951 620 populum
990 534 1356 598 Romanum
1401 534 1578 616 passi
1626 534 1757 598 sint
1804 540 1870 599 et
1914 535 2201 619 comitia,
2250 558 2412 620 quae

398 646 544 690 reus
591 625 657 689 vi
703 629 895 707 atque
940 622 1137 686 armis
1174 621 1621 704 prohibiturus
1661 624 1802 686 erat
1811 673 1828 705 ,
1873 643 1953 686 ne
1991 643 2186 687 causa
2222 645 2411 707 quae·

397 713 688 787 rentibus
719 709 1193 774 dimicationem
1225 708 1513 792 daretur,
1541 710 1874 775 voluntate
1900 710 2029 792 ipsi
2058 732 2183 782 sua⁴
2202 716 2412 776 sustu·

329 813 358 860 ⁷
398 801 605 863 lerint.
680 798 839 861 haec
885 818 1028 861 cum
1076 796 1156 860 ab
1204 797 1451 880 optimo
1500 819 1754 882 quoque
1789 820 1905 882 pro
1944 799 2281 864 atrocitate
2317 800 2412 864 rei

396 889 660 966 accepta
706 886 945 966 essent,
992 884 1250 967 vimque
1297 906 1441 950 eam
1499 889 1726 950 contra
1781 908 1920 951 rem
1974 887 2301 969 publicam
2348 893 2412 951 et

325 985 358 1032 ⁸
394 972 2416 1143 affl?‘23333210131{t‘ssssatssssssszt”;3?5:3⁵{issza‘z‘ssssfffl

396 1147 696 1229 capitalis
744 1147 915 1211 diem
959 1146 1291 1212 Postumio
1353 1148 1650 1212 dixenmt
1696 1169 1796 1231 ac,
1850 1149 1920 1212 ni
1974 1144 2166 1214 vades
2213 1150 2413 1233 daret,

325 1234 767 1387 ᾲὲῗεῖῗιᾈίἶε
787 1235 1086 1387 ‘'33332‘323
1101 1238 1303 1387 ⁸33ssss
1357 1236 1806 1389 1:22023553?
1858 1235 2414 1407 ῗέἕίῃῗῗῗέξὲἑ
2477 1288 2486 1296 ’

396 1413 787 1496 rogaverunt
831 1411 1178 1494 plebesque
1222 1411 1318 1475 ita
1366 1410 1581 1494 scivit,
1628 1411 1683 1474 si
1729 1409 1814 1476 M.
1851 1410 2222 1477 Postumius
2262 1418 2414 1478 ante

396 1501 527 1565 kal.
557 1499 762 1564 Maias
798 1519 929 1561 non
965 1498 1292 1581 prodisset
1329 1499 1692 1581 citatusque
1730 1519 1822 1579 eo·
1843 1499 1945 1564 die
1981 1521 2114 1564 non
2149 1512 2415 1585 respon-

398 1589 599 1653 disset
642 1607 845 1671 neque
893 1590 1231 1652 excusatus
1279 1591 1474 1670 esset,
1509 1586 1714 1652 videri
1752 1608 1898 1651 eum
1936 1589 2006 1651 in
2046 1589 2235 1653 exilio
2275 1610 2414 1654 esse

399 1676 692 1758 bonaque
741 1674 875 1738 eius
923 1675 1167 1757 venire,
1225 1675 1354 1758 ipsi
1401 1695 1568 1758 aqua
1622 1679 1688 1739 et
1732 1674 1871 1758 igni
1917 1674 2172 1757 placere
2217 1676 2413 1740 inter-

216 1804 221 1807 ψ
298 1774 360 1823 10
397 1763 536 1826 dici.
628 1761 901 1845 singulis
959 1761 1186 1825 deinde
1233 1777 1482 1843 eorum,
1538 1760 1648 1843 qui
1700 1761 1930 1825 turbae
1977 1783 2052 1826 ac
2096 1763 2412 1828 tumultus

397 1850 823 1915 concitatores
870 1848 1150 1932 fuerant,
1187 1849 1282 1913 rei
1320 1848 1619 1932 capitalis
1659 1848 1827 1912 diem
1865 1848 2072 1913 dicere
2112 1871 2185 1914 ac
2217 1851 2412 1916 vades

295 1951 355 1999 11
394 1959 657 2024 poscere
713 1941 1076 2022 coepenmt.
1166 1937 1378 2022 primo
1440 1956 1572 2002 non
1630 1936 1873 2021 dantis,
1931 1937 2158 2003 deinde
2218 1939 2414 2004 etiam

397 2048 534 2109 θος,
589 2026 699 2110 qui
745 2026 895 2091 dare
941 2028 1236 2110 possent,
1293 2026 1363 2091 in
1409 2046 1736 2112 carcerem·
1787 2025 2175 2110 coiciebant3
2233 2028 2412 2092 cuius

393 2115 492 2179 rei
534 2114 891 2197 periculum
936 2114 1219 2179 vitantes
1265 2114 1560 2198 plerique
1605 2114 1676 2179 in
1720 2114 1986 2179 exilium
2034 2116 2351 2180 abierunt.

328 2215 356 2262 1
573 2201 650 2267 V.
677 2201 865 2267 Hunc
891 2200 1071 2266 fraus
1099 2201 1613 2285 publicanorum,
1642 2201 1871 2266 deinde
1897 2202 2191 2267 fraudem
2220 2202 2412 2267 auda-

325 2301 358 2350 2
396 2290 496 2354 cia
539 2292 889 2372 protegens
946 2290 1189 2353 exitum
1242 2288 1491 2354 habuit.
1582 2289 1847 2353 comitia
1898 2289 2045 2353 inde
2099 2290 2414 2374 pontufici

395 2377 680 2441 maximo
728 2376 1000 2440 creando
1047 2379 1197 2440 sunt
1239 2376 1483 2440 habita.
1575 2397 1650 2439 ea
1696 2376 1960 2441 comitia
2003 2398 2231 2461 novus·
2255 2399 2412 2462 pon-

327 2477 358 2525 3
397 2464 556 2529 tifex
592 2463 679 2529 Μ.
709 2460 1049 2528 Cornelius
1080 2460 1407 2547 Cethegus
1443 2463 1694 2528 habuit.
1757 2467 1890 2528 tres
1926 2464 2177 2549 ingenti
2211 2469 2415 2531 certa-

397 2553 569 2617 mine
606 2553 958 2636 petierunt,
995 2550 1069 2627 Q.
1108 2550 1376 2616 Fulvius
1415 2550 1683 2617 Flaccus
1722 2552 1973 2637 consul,
2012 2553 2121 2637 qui
2163 2556 2231 2618 et
2265 2558 2415 2619 ante

395 2641 498 2706 bis
546 2641 768 2706 consul
815 2643 881 2704 et
926 2660 1152 2705 censor
1195 2639 1437 2724 fuerat,
1484 2644 1549 2705 et
1593 2639 1665 2705 Τ.
1704 2639 1986 2705 Manlius
2033 2640 2415 2724 Torquatus,

399 2733 464 2794 et
507 2729 646 2812 ipse
695 2728 943 2792 duobus
993 2729 1437 2793 consulatibus
1478 2731 1546 2792 et
1582 2748 1851 2792 censura
1887 2728 2190 2812 insignis,
2237 2731 2303 2791 et
2338 2727 2414 2793 P.

394 2816 683 2881 Licinius
745 2814 1044 2900 Crassus,
1114 2817 1223 2899 qui
1283 2816 1682 2881 aedilitatem
1752 2816 2034 2880 curulem
2091 2815 2414 2898 petiturus

328 2917 361 2963 4
400 2908 556 2968 erat.
628 2904 736 2967 hic
781 2924 967 2967 senes
1011 2903 1493 2986 honoratosque
1537 2903 1785 2967 iuvenis
1831 2903 1900 2966 in
1946 2922 2020 2966 eo
2069 2904 2418 2968 certamine

399 2990 583 3060 vicit„
643 2992 792 3052 ante
838 2990 1011 3053 hunc
1056 2990 1232 3054 intra
1278 2994 1536 3055 centum
1583 3010 1785 3054 annos
1835 2993 1901 3053 et
1944 2990 2181 3073 viginti
2223 3011 2414 3056 nemo

266 3103 277 3115 ·
397 3081 651 3162 praeter
686 3075 756 3140 P.
784 3073 1153 3141 Cornelium
1183 3076 1520 3142 Calussam
1557 3076 1850 3160 pontifex
1886 3078 2206 3144 maximus
2242 3100 2416 3144 crea-

398 3170 506 3231 tus
551 3163 792 3246 fuerat,
838 3164 948 3247 qui
995 3162 1159 3227 sella
1204 3164 1413 3228 curuli
1457 3185 1588 3228 non
1634 3164 1926 3240 sedisset,

331 3267 362 3314 5
578 3250 891 3317 Consules
949 3250 1257 3315 dilectum
1324 3274 1470 3316 cum
1527 3271 1718 3336 aegre
1774 3252 2189 3337 conficerent,
2247 3251 2419 3336 quod

400 3341 624 3426 inopia
666 3340 988 3405 iuniorum
1035 3360 1167 3403 non
1208 3339 1398 3405 facile
1443 3340 1512 3404 in
1567 3343 1936 3424 utrumque,
1989 3346 2063 3404 ut
2104 3345 2170 3404 et
2211 3359 2418 3404 novae

399 3431 684 3494 urbanae
729 3428 1020 3511 legiones
1069 3429 1136 3492 et
1180 3428 1704 3511 supplementum
1745 3427 2069 3492 veteribus
2116 3426 2420 3491 scribere-

330 3528 364 3578 6
401 3519 537 3600 tur,
584 3514 974 3599 sufficiebat,
1024 3520 1283 3581 senatus
1324 3516 1636 3581 absistere
1675 3536 1783 3580 eos
1820 3515 2077 3597 incepto
2114 3515 2321 3579 vetuit
2356 3518 2423 3579 et
