2654 3913
377 175 460 235 78
675 171 891 225 LIBER
925 173 1098 229 XXV.
1174 173 1326 228 CAP.
1370 178 1451 226 16.
1492 179 1572 226 17.
1650 173 1725 244 [a.
1764 173 1827 228 U.
1867 189 1913 228 o.
1953 174 2080 244 542]

373 336 460 379 an
502 315 632 379 toti
680 338 719 381 a
762 316 1066 400 patiendo
1112 313 1635 398 expectandoque
1681 319 1912 380 eventu
1958 317 2028 380 in
2073 316 2388 401 impetum

374 407 568 488 atque
603 404 770 469 iram
795 405 994 487 versi,
1023 408 1289 486 agentes
1327 401 1789 486 audentesque,
1823 402 2069 487 perfusi
2104 405 2388 470 hostium

374 513 625 576 cruore,
663 494 833 558 inter
870 490 1336 573 exspirantium
1372 489 1779 556 inimicorum
1816 493 2145 558 cumulata
2182 516 2388 558 arma-

267 590 338 639 20
376 602 498 665 que
537 586 603 646 et
640 602 906 664 corpora
943 577 1194 642 cadant.
1266 574 1600 643 Lucanum
1636 580 2026 662 proditorem
2063 602 2137 646 ac
2175 584 2388 647 trans-

373 671 596 754 fugam
641 689 861 732 omnes
906 669 1231 750 peterent3
1278 667 1391 750 qui
1437 689 1579 732 eam
1615 669 1943 733 victimam
1988 690 2143 751 prae
2190 690 2259 734 se
2306 670 2388 733 ad

373 758 614 821 inferos
660 755 970 837 misisset,
1015 774 1162 818 eum
1208 755 1399 819 decus
1452 757 1782 841 eximium,
1838 757 2170 841 egregium
2226 757 2388 821 sola-

268 855 332 904 21
373 845 541 906 cium
587 863 742 908 suae
786 843 981 907 morti
1017 843 1446 908 inventurum.
1516 845 1690 909 inter
1727 846 1887 911 haec
1923 844 2095 910 dicta
2130 845 2388 929 paluda-

369 933 591 994 mento
629 931 802 995 circa
836 931 1091 996 laevum
1129 931 1466 996 brachium
1503 932 1746 998 intorto
1781 969 1856 980 —
1899 954 2052 998 nam
2086 955 2168 998 ne
2204 937 2388 998 scuta

371 1018 625 1102 quidem
673 1040 885 1084 secum
945 1019 1307 1084 extulerant
1356 1055 1434 1065 —
1483 1020 1552 1083 in
1597 1020 1805 1086 hostis
1860 1021 2177 1104 impetum
2220 1021 2389 1086 fecit.

264 1116 332 1166 22
370 1107 579 1171 maior
607 1129 796 1191 quam
826 1129 946 1191 pro
973 1129 1241 1172 numero
1268 1107 1605 1171 hominum
1637 1107 1849 1173 editur
1873 1130 2121 1193 pugna:
2159 1110 2389 1174 iaculis

369 1195 649 1260 maxime
695 1199 920 1280 aperta
966 1216 1237 1279 corpora
1282 1195 1747 1280 Romanorum,
1802 1198 1870 1261 et
1916 1217 2060 1261 cum
2107 1197 2388 1280 undique

370 1303 446 1347 ex
505 1284 846 1350 altioribus
905 1283 1066 1349 locis
1125 1284 1195 1348 in
1253 1305 1480 1350 cavam
1523 1285 1758 1348 vallem
1813 1284 2138 1351 coniectus
2197 1289 2388 1368 esset,

263 1382 333 1432 23
369 1373 858 1459 transfiguntur.
928 1371 1289 1437 Gracchum
1317 1373 1450 1437 iam
1477 1372 1792 1437 nudatum
1820 1373 2140 1457 praesidio
2169 1373 2389 1439 vivum

372 1483 597 1546 capere
642 1462 842 1527 Poeni
884 1461 1206 1546 nituntur3
1265 1464 1550 1526 ceterum
1606 1462 2014 1546 conspicatus
2058 1460 2388 1527 Lucanum

369 1550 695 1634 hospitem
740 1550 910 1614 inter
953 1549 1188 1633 hostiS,
1236 1549 1395 1614 adeo
1441 1549 1717 1615 infestus
1765 1551 2084 1616 confertos
2128 1550 2388 1633 invasit,

267 1648 334 1697 24
370 1642 445 1703 ut
488 1639 670 1723 parci
716 1639 775 1702 ei
820 1638 958 1702 sine
995 1639 1344 1702 multorum
1380 1638 1660 1719 pernicie
1696 1659 1829 1702 non
1864 1643 2104 1721 posset.
2173 1638 2387 1702 exani·

370 1748 541 1790 mem
588 1748 733 1791 eum
770 1725 967 1809 Mago
1010 1726 1333 1807 extemplo
1382 1725 1462 1788 ad
1499 1723 1939 1789 Hannibalem
1985 1725 2166 1789 misit
2208 1726 2389 1808 poni·

371 1836 493 1898 que
522 1836 665 1879 cum
695 1814 901 1898 captis
932 1812 1124 1877 simul
1153 1813 1438 1876 fascibus
1478 1815 1628 1876 ante
1663 1812 1950 1877 tribunal
1977 1813 2386 1896 imperatoris

265 1911 331 1962 25
368 1902 576 1984 iussit.
665 1905 724 1969 si
782 1904 941 1968 haec
995 1922 1148 1967 vera
1201 1900 1377 1965 fama
1431 1903 1554 1985 est,
1610 1898 1939 1966 Gracchus
1993 1901 2064 1966 in
2109 1899 2386 1967 Lucanis

303 2002 332 2051 1
372 1993 454 2058 ad
501 2014 790 2077 campos,
837 1992 949 2075 qui
984 1989 1253 2056 Veteres
1294 1993 1638 2071 vocantur,
1682 1989 1894 2073 periit.
1981 1988 2190 2056 XVII.
2238 1994 2389 2056 sunt

374 2082 485 2167 qui
529 2080 600 2146 in
645 2101 804 2165 agro
839 2078 1296 2145 Beneventano
1343 2099 1547 2161 prope
1584 2076 1879 2143 Calorem
1925 2079 2194 2144 fluvium
2240 2100 2384 2144 con·

371 2170 642 2235 tendant
670 2192 708 2233 a
735 2169 967 2236 castris
997 2189 1140 2232 cum
1177 2166 1518 2231 lictoribus
1556 2187 1632 2231 ac
1657 2167 1867 2231 tribus
1898 2170 2097 2232 servis
2127 2166 2388 2232 lavandi

301 2267 333 2315 2
373 2279 568 2322 causa
610 2277 1054 2339 progressum,
1100 2276 1246 2320 cum
1281 2253 1452 2318 forte
1489 2254 1661 2319 inter
1699 2256 1929 2319 salicta
1964 2255 2190 2319 innata
2225 2255 2385 2337 ripis

371 2345 651 2408 laterent
694 2343 944 2427 hostes,
987 2342 1230 2406 nudum
1269 2345 1466 2426 atque
1505 2341 1818 2406 inermem
1857 2342 2176 2426 saxisque,
2223 2364 2386 2426 quae

299 2442 334 2491 3
370 2431 578 2496 volvit
606 2431 832 2513 amniS‚
853 2433 1375 2515 propugnantem
1401 2429 1831 2496 interfectum.
1878 2434 2032 2495 sunt
2059 2431 2169 2515 qui
2197 2430 2388 2496 haru-

372 2520 623 2604 spicum
651 2519 901 2585 monitu
929 2518 1316 2604 quingentos
1344 2540 1574 2603 passus
1613 2541 1652 2584 a
1682 2518 1917 2585 castris
1952 2539 2386 2605 progressum,

369 2609 468 2673 uti
513 2609 656 2674 loco
702 2630 862 2692 puro
910 2628 988 2672 ea
1034 2629 1197 2691 quae
1252 2611 1403 2673 ante
1450 2607 1625 2673 dicta
1676 2608 1976 2693 prodigia
2032 2613 2184 2674 sunt
2236 2630 2387 2692 pro-

373 2700 649 2781 curaret,
710 2698 793 2763 ab
853 2696 1283 2762 insidentibus
1343 2696 1509 2764 forte
1568 2696 1782 2762 locum
1843 2696 2088 2761 duabus
2152 2695 2384 2760 turmis

369 2784 802 2850 Numidarum
862 2786 1365 2850 circumventum
1424 2784 1724 2849 scribant.
1816 2783 1971 2848 adeo
2030 2803 2148 2847 nec
2205 2783 2385 2847 locus

369 2895 489 2939 nec
533 2874 703 2937 ratio
749 2874 977 2938 mortis
1022 2872 1091 2937 in
1129 2874 1268 2937 viro
1314 2876 1450 2936 tam
1495 2871 1670 2936 claro
1717 2874 1785 2935 et
1826 2870 2068 2954 insigni
2113 2873 2385 2937 constat.

301 2970 336 3018 4
373 2961 617 3024 funeris
665 2981 916 3044 quoque
955 2957 1230 3024 Gracchi
1269 2960 1450 3023 varia
1495 2963 1598 3024 est
1633 2959 1824 3023 fama.
1898 2958 2010 3022 alii
2047 2959 2118 3023 in
2155 2961 2385 3025 castris

369 3046 680 3112 Romanis
736 3047 1062 3129 sepultum
1121 3047 1202 3111 ab
1258 3046 1421 3128 suis,
1481 3046 1591 3109 alii
1646 3046 1727 3110 ab
1774 3045 2143 3113 Hannibale
2189 3084 2272 3095 ——
2322 3051 2388 3113 et

373 3158 449 3202 ea
501 3134 829 3220 vulgatior
880 3134 1058 3198 fama
1114 3137 1213 3198 est
1257 3170 1343 3182 —-
1388 3134 1660 3199 tradunt
1710 3134 1781 3200 in
1834 3136 2153 3201 vestibulo
2201 3135 2385 3200 Puni-

299 3236 333 3286 5
371 3247 591 3293 corum
619 3226 982 3289 castrorum
1009 3241 1242 3307 rogum
1273 3225 1635 3287 extructum
1666 3245 1830 3308 esse,
1857 3229 2177 3290 armatum
2212 3244 2384 3289 exer·

371 3317 570 3381 citum
609 3312 1046 3377 decucurrisse
1084 3333 1228 3376 cum
1262 3311 1564 3395 tripudiis
1597 3311 2036 3397 Hispanorum
2075 3313 2386 3375 motibus·

372 3424 494 3485 que
542 3423 868 3466 armorum
915 3405 982 3466 et
1027 3422 1369 3485 corporum
1414 3421 1565 3466 suae
1603 3402 1831 3486 cuique
1868 3400 2049 3485 genti
2084 3398 2386 3480 adsuetis,

370 3488 516 3571 ipso
555 3489 924 3554 Hannibale
972 3490 1148 3555 omni
1192 3512 1408 3556 rerum
1446 3490 1910 3574 verborumque
1957 3487 2200 3553 honore
2246 3509 2387 3552 exe-
