2654 3913
388 195 514 256 126
676 192 891 246 LLBER
925 192 1117 248 XXVL
1194 192 1347 248 CAP.
1388 199 1469 248 12.
1508 200 1592 249 13.
1671 195 1744 265 [a.
1785 194 1850 248 U.
1890 211 1935 249 ο.
1974 196 2103 266 543]

281 348 346 396 16
383 336 790 402 transitionis
827 336 1095 419 faceret,
1129 336 1368 402 mulier
1406 340 1672 421 repente
1709 335 2045 421 Campana
2080 340 2149 404 in
2184 342 2399 405 castra

383 425 592 507 venit,
629 428 911 490 scortum
947 425 1433 510 transfugarum
1468 426 1686 511 unius,
1722 426 2091 511 indicatque
2127 427 2399 512 impera-

385 513 518 578 tori
544 512 839 596 Romano
866 512 1181 580 Numidas
1217 514 1443 579 fraude
1480 515 1841 599 composita
1874 515 2189 581 transisse
2226 514 2400 580 litte-

284 613 348 662 17
387 623 622 686 rasque
658 602 740 667 ad
776 601 1210 668 Hannibalem
1253 602 1447 667 ferre:
1492 603 1560 668 id
1603 626 1802 670 unum
1839 624 1916 668 ex
1960 603 2071 687 iis,
2115 604 2225 687 qui
2273 604 2400 669 sihi

286 717 358 752 a·
385 711 524 756 rem
569 691 952 775 aperuisset,
999 710 1268 775 arguere
1299 712 1448 782 sese
1480 695 1781 775 paratam
1807 712 1973 778 esse.
2046 691 2399 775 productus

386 778 597 863 primo
634 779 795 843 satis
833 781 1203 844 constanter
1228 778 1530 863 ignorare
1558 801 1628 845 se
1656 776 1993 845 mulierem
2019 780 2398 861 simulabat3

385 865 697 947 paulatim
742 866 893 931 dein
937 867 1268 932 convictus
1304 867 1502 950 veriS,
1547 889 1692 932 cum
1737 871 2064 934 tormenta
2107 868 2288 952 posci
2334 873 2402 931 et

386 952 604 1035 parari
652 952 926 1036 videret,
969 952 1185 1018 fassus
1230 954 1298 1019 id
1343 954 1437 1018 ita
1475 975 1636 1036 esse,
1674 956 2056 1040 litteraeque
2090 957 2402 1040 prolatae,

286 1054 351 1104 18
392 1043 459 1104 et
486 1039 775 1104 additum
805 1040 1005 1104 etiam
1028 1040 1299 1123 indicio,
1326 1041 1495 1123 quod
1525 1042 1873 1126 celabatur,
1906 1049 1973 1108 et
2000 1044 2164 1110 alios
2189 1045 2402 1128 specie

286 1142 352 1191 19
386 1126 876 1212 transfugarum
920 1123 1237 1194 Numidas
1254 1128 1511 1212 ''Vagari
1554 1128 1624 1192 in
1671 1129 1902 1193 castris
1948 1130 2282 1198 Romanis.
2354 1132 2402 1196 ii

388 1237 583 1300 supra
626 1216 1046 1299 septuaginta
1089 1216 1451 1301 comprensi
1508 1221 1576 1282 et
1619 1237 1767 1281 cum
1808 1218 2167 1301 transfugis
2212 1218 2401 1283 novis

389 1303 655 1370 mulcati
680 1303 884 1389 virgis
912 1304 1339 1391 manibusque
1357 1303 1663 1388 praecisis
1684 1303 1973 1389 Capuam
1998 1306 2399 1391 rediguntur.

390 1396 805 1477 conspectum
850 1396 987 1457 tam
1028 1393 1218 1459 triste
1263 1392 1650 1477 supplicium
1683 1392 1882 1479 fregit
1927 1395 2174 1460 animos
2214 1393 2400 1461 Gam-

321 1494 349 1541 1
389 1503 728 1565 panorum.
828 1477 1005 1547 XIII.
1064 1502 1409 1547 concursus
1470 1481 1551 1545 ad
1609 1482 1850 1547 curiam
1909 1483 2135 1567 populi
2191 1482 2401 1548 factus

391 1570 605 1655 coegit
654 1567 956 1635 Loesium
1022 1574 1313 1635 senatum
1370 1590 1636 1654 vocare,
1691 1573 1757 1634 et
1807 1570 2231 1655 primoribus,
2292 1572 2402 1655 qui

388 1658 521 1722 iam
566 1656 677 1721 diu
720 1657 1000 1740 publicis
1039 1658 1326 1722 consiliis
1364 1656 1659 1739 aberant,
1694 1658 2032 1741 propalam
2067 1659 2400 1723 minaban-

389 1748 524 1827 tur,
558 1744 685 1807 nisi
719 1742 1013 1807 venirent
1037 1744 1108 1807 in
1135 1747 1460 1826 senatum,
1493 1744 1664 1808 circa
1691 1744 1915 1809 domos
1944 1767 2165 1810 eorum
2192 1746 2399 1809 ituros

389 1851 458 1895 se
506 1834 571 1894 et
612 1830 682 1894 in
726 1830 1054 1913 publicum
1091 1830 1302 1895 omnis
1335 1831 1402 1894 vi
1438 1834 1835 1896 extracturos
1873 1853 2035 1899 esse.
2109 1832 2167 1896 is
2203 1832 2402 1898 timor

318 1930 350 1978 2
385 1917 790 2004 frequentem
853 1919 1149 1984 senatum
1210 1918 1624 2004 magistratui
1681 1920 2000 2004 praebuit.
2095 1920 2190 1986 ibi
2252 1941 2400 1987 cum

391 2008 587 2074 ceteri
641 2007 718 2073 de
771 2008 1006 2092 legatis
1062 2007 1397 2073 mittendis
1453 2008 1534 2073 ad
1555 2034 1572 2042 ·
1592 2009 2018 2093 imperatores
2071 2008 2399 2075 Romanos

391 2100 684 2183 agerent,
728 2095 959 2162 Vibius
996 2095 1252 2161 Virrius
1262 2147 1279 2180 ‚
1324 2096 1438 2181 qui
1476 2096 1852 2163 defectionis
1892 2103 2119 2163 auctor
2156 2099 2239 2163 ab
2275 2097 2401 2162 Ro-

389 2186 599 2250 manis
642 2186 883 2267 fuerat,
928 2186 1366 2269 interrogatus
1420 2185 1807 2250 sententiam
1850 2190 2051 2269 negat
2093 2208 2231 2269 eos,
2290 2188 2401 2270 qui

321 2285 352 2330 3
390 2272 467 2336 de
512 2272 746 2355 legatis
794 2275 860 2335 et
903 2272 981 2335 de
1034 2292 1195 2352 pace
1246 2292 1324 2336 ac
1375 2270 1698 2337 deditione
1750 2272 2123 2356 loquantur,
2175 2275 2400 2338 memi-

295 2360 297 2362 ’
387 2359 586 2439 nisse,
619 2378 738 2422 nec
774 2356 930 2440 quid
963 2357 1199 2421 facturi
1224 2357 1490 2441 fuerint,
1527 2359 1583 2421 si
1609 2357 1938 2422 Romanos
1971 2359 2041 2423 in
2075 2362 2400 2442 potestate

318 2456 352 2504 4
389 2446 795 2528 habuissent,
820 2465 940 2510 nec
967 2445 1123 2527 quid
1158 2444 1319 2528 ipsis
1356 2444 1732 2529 patiendum
1768 2448 1874 2517 sit.
1937 2444 2189 2530 “quid?
2224 2469 2339 2513 vos
2353 2448 2397 2476 '³

389 2534 604 2619 inquit
646 2531 690 2562 ‘³
704 2554 848 2599 eam
892 2532 1282 2598 deditionem
1335 2533 1476 2599 fore
1525 2534 1829 2618 censetis,
1884 2556 2014 2619 qua
2059 2536 2400 2620 quondam,

387 2627 464 2689 ut
481 2623 788 2689 adversus
809 2619 1130 2687 Samnites
1150 2621 1461 2686 auxilium
1479 2621 1991 2707 impetraremus,
2008 2646 2127 2689 nos
2154 2628 2399 2690 nostra-

321 2722 354 2770 5
392 2733 514 2796 que
559 2711 778 2777 omnia
821 2709 1134 2776 Romanis
1178 2709 1581 2776 dedidimus?
1653 2712 1785 2777 iam
1839 2732 1877 2777 e
1928 2713 2239 2777 memoria
2292 2734 2399 2778 ex-

391 2800 611 2884 cessit,
648 2821 775 2884 quo
804 2802 1093 2883 tempore
1121 2801 1189 2863 et
1213 2799 1283 2863 in
1312 2820 1440 2883 qua
1463 2798 1731 2864 fortuna
1763 2821 1805 2864 a
1837 2800 2075 2882 populo
2105 2799 2399 2865 Romano

390 2887 852 2954 defecerimus?
910 2887 1067 2970 iam,
1103 2908 1291 2971 quem
1329 2887 1410 2951 ad
1445 2887 1708 2953 modum
1742 2887 1811 2951 in
1837 2887 2196 2953 defectione
2223 2910 2401 2973 prae-

391 2975 655 3057 sidium,
699 2975 869 3058 quod
913 2978 1173 3057 poterat
1209 2974 1451 3059 emitti,
1495 2996 1609 3059 per
1646 2973 1999 3041 cruciatum
2036 2980 2104 3041 et
2139 2975 2222 3042 ad
2258 2998 2400 3043 con·

322 3076 353 3122 6
391 3061 728 3127 tumeliam
787 3060 1191 3126 necarimus?
1295 3062 1594 3146 quotiens
1656 3062 1726 3126 in
1789 3062 2144 3129 obsidentis
2206 3086 2399 3149 quam

390 3149 649 3216 inimice
685 3149 1110 3233 eruperimus,
1146 3151 1360 3214 castra
1396 3150 1929 3235 oppugnarimus,
1965 3151 2399 3217 Hannibalem

389 3237 832 3305 vocaverimus
880 3236 961 3303 ad
1009 3236 1467 3322 opprimendos
1513 3238 1668 3303 eos?
1756 3239 1908 3324 hoc,
1962 3241 2134 3325 quod
2184 3261 2400 3305 recen·

333 3408 337 3414 f
389 3328 718 3394 tissimum
754 3328 878 3411 est,
916 3325 998 3391 ad
1035 3325 1532 3412 oppugnandam
1555 3325 1834 3392 Romam
1861 3327 2014 3392 hinc
2039 3349 2185 3393 eum
2211 3327 2399 3391 mise·

324 3426 353 3473 ⁷
392 3415 636 3481 rimus?
715 3434 837 3498 age
883 3418 1135 3499 contra,
1180 3435 1342 3499 quae
1391 3414 1495 3480 ¹illi
1547 3414 1782 3480 infeste
1836 3415 1904 3479 in
1946 3437 2066 3480 nos
2110 3414 2401 3494 fecerint,

390 3503 694 3586 repetite,
729 3507 805 3567 ut
842 3525 919 3569 ex
957 3524 1059 3587 ec,
1096 3503 1248 3587 quid
1288 3502 1585 3588 speretiS,
1623 3503 1936 3567 habeatis.
2008 3523 2153 3567 cum
2190 3502 2399 3569 hostis
