2654 3913
346 153 432 216 72
718 151 931 205 LIBER
966 151 1136 205 xxv.
1212 150 1365 206 cAP.
1408 158 1490 208 13.
1567 153 1640 225 [a.
1678 153 1743 209 U.
1782 170 1827 210 0.
1866 159 1996 226 542]

349 301 545 362 vento
583 296 715 361 iam
755 295 1324 379 adpropinquaret,
1369 297 1502 360 tria
1536 296 1720 361 milia
1754 319 2061 381 passuum
2101 300 2181 364 ab
2218 299 2364 384 ipsa

272 397 309 447 δ
349 385 509 450 urbe
572 386 715 450 loco
781 385 954 449 edito
1019 387 1231 449 castra
1285 385 1529 470 posuit3
1592 385 1740 449 inde
1794 406 1870 450 ex
1936 387 2128 451 sociis
2195 388 2365 454 circa

349 473 639 559 populis,
697 494 822 557 quo
878 475 1126 537 aestate
1181 475 1653 556 comportatum
1711 477 1877 556 erat,
1941 474 2169 538 devehi
2232 475 2363 540 fru-

349 565 642 627 mentum
696 562 766 626 in
819 564 1032 625 castra
1086 560 1279 625 iussit
1330 561 1672 644 praesidiis
1726 560 1921 646 datis,
1976 583 2139 645 quae
2194 584 2365 628 com·

276 663 312 712 6
348 653 602 715 meatus
633 672 741 715 eos
769 653 1322 733 prosequerentur.
1371 647 1658 733 Capuam
1683 650 1830 714 inde
1849 652 2142 715 nuntium
2164 651 2362 734 misit,

347 760 476 823 qua
519 739 622 801 die
668 738 737 801 in
780 737 1009 802 castris
1058 737 1139 801 ad
1184 738 1629 821 accipiendum
1673 738 2066 804 frumentum
2101 741 2363 822 praesto

350 829 568 890 essent
612 824 789 889 omni
833 824 1115 907 undique
1153 846 1388 909 genere
1426 827 1868 892 vehiculorum
1902 826 2363 893 iumentorum-

277 927 310 976 '2
349 934 473 997 que
521 933 597 976 ex
643 913 820 996 agris
854 915 1212 977 contracta
1291 913 1357 976 id
1403 934 1521 994 pro
1559 918 1771 980 cetera
1808 916 2102 981 socordia
2143 916 2363 1000 negle-

347 999 692 1084 gentiaque
731 1023 770 1065 a
803 998 1153 1084 Campanis
1191 1004 1435 1064 actum:
1473 1001 1670 1083 paulo
1706 1004 1855 1086 plus
1894 1004 2365 1089 quadringenta

345 1088 646 1153 vehicula
703 1088 905 1157 missa
962 1091 1030 1151 et
1086 1109 1291 1171 pauca
1352 1091 1688 1170 praeterea
1743 1089 2050 1155 iumenta.
2155 1093 2238 1157 ob
2296 1092 2364 1155 id

346 1176 686 1260 castigatis
736 1177 816 1241 ab
862 1175 1207 1258 Hannone,
1253 1177 1425 1260 quod
1478 1197 1561 1240 ne
1614 1177 1819 1242 fames
1867 1177 2150 1262 quidem,
2191 1201 2364 1263 quae

348 1269 564 1329 mutas
595 1265 966 1330 accenderet
991 1266 1254 1349 bestiaS,
1273 1286 1493 1329 curam
1517 1286 1738 1330 eorum
1767 1265 2101 1331 stimulare
2120 1271 2363 1350 posset,

349 1354 481 1419 alia
507 1354 803 1439 prodicta
830 1354 965 1419 dies
996 1354 1078 1419 ad
1104 1354 1501 1419 frumentum
1529 1354 1773 1420 maiore
1802 1357 2120 1438 apparatu
2145 1358 2361 1438 peten-

276 1454 312 1505 8
351 1443 523 1510 dum.
597 1465 673 1508 ea
701 1444 946 1527 omnia,
985 1443 1155 1508 sicut
1183 1447 1330 1508 acta
1366 1445 1573 1526 erant,
1612 1464 1757 1508 cum
1795 1442 2129 1509 enuntiata
2155 1443 2363 1509 Bene·

348 1532 645 1597 ventanis
677 1536 917 1615 essent,
953 1532 1207 1615 legatos
1245 1532 1464 1596 decem
1493 1528 1814 1615 extemplo
1844 1531 1926 1596 ad
1954 1533 2246 1598 consules
2276 1569 2362 1578 —

348 1621 522 1685 circa
557 1620 920 1685 Bovianum
958 1624 1169 1684 castra
1205 1619 1645 1685 Romanorum
1687 1623 1872 1684 erant
1915 1654 1988 1666 —
2031 1621 2360 1686 miserunt.

278 1719 313 1767 9
353 1709 464 1791 qui
511 1729 655 1772 cum
702 1706 967 1787 auditis,
1014 1727 1175 1787 quae
1219 1706 1300 1769 ad
1341 1703 1629 1788 Capuam
1667 1709 2039 1789 agerentur,
2087 1708 2255 1770 inter
2293 1728 2361 1772 se

351 1795 859 1877 comparassent,
904 1796 980 1856 ut
1025 1793 1189 1856 alter
1229 1792 1298 1855 in
1337 1790 1756 1875 Campaniam
1794 1793 2140 1857 exercitum
2180 1794 2361 1858 duce-

348 1885 476 1965 ret,
540 1880 826 1964 Fulvius,
893 1879 995 1945 cui
1060 1902 1135 1944 ea
1197 1878 1535 1963 provincia
1597 1880 1971 1965 obvenerat,
2033 1880 2361 1966 profectus

247 1983 312 2032 10
347 1973 537 2037 nocte
582 1969 941 2034 Beneventi
995 1970 1251 2034 moenia
1296 1971 1398 2034 est
1440 1969 1787 2053 ingressus.
1877 1991 1954 2035 ex
1997 1972 2360 2055 propinquo

348 2060 683 2145 cognoscit
734 2059 1122 2124 Hannonem
1181 2079 1326 2123 cum
1386 2058 1702 2122 exercitus
1760 2063 1945 2142 parte
2001 2060 2362 2143 profectum

346 2149 842 2233 frumentatum3
901 2169 1015 2229 per
1075 2148 1479 2231 quaestorem
1540 2144 1889 2229 Campanis
1955 2147 2178 2212 datum
2235 2149 2362 2212 fru-

349 2240 668 2318 mentum3
709 2235 834 2299 duo
873 2235 1056 2298 milia
1090 2234 1555 2317 plaustrorum,
1590 2234 1986 2298 inconditam
2026 2235 2362 2299 inermem·

352 2345 476 2407 que
524 2323 719 2386 aliam
764 2321 1025 2385 turbam
1072 2322 1432 2404 advenisse3
1485 2343 1601 2405 per
1652 2322 2000 2386 tumultum
2049 2343 2123 2385 ac
2166 2322 2362 2405 trepi-

350 2410 676 2475 dationem
704 2409 920 2473 omnia
949 2409 1083 2492 agi,
1108 2412 1591 2493 castrorumque
1617 2408 1893 2474 formam
1922 2412 1987 2474 et
2014 2410 2360 2475 militarem

245 2509 310 2558 11
354 2497 640 2565 ordinem
685 2497 976 2563 inmixtis
1031 2496 1397 2583 agrestibus
1454 2506 1519 2562 et
1573 2498 1775 2563 servis
1825 2498 2170 2564 sublatum.
2257 2498 2362 2563 his

353 2586 513 2653 satis
560 2587 908 2671 compertis
955 2586 1179 2651 consul
1224 2587 1538 2651 militibus
1590 2585 1806 2669 edicit,
1866 2589 2055 2672 signa
2106 2589 2362 2651 tantum

353 2697 657 2761 armaque
702 2676 772 2740 in
816 2674 1179 2760 proximam
1231 2680 1488 2741 noctem
1536 2675 1928 2758 expedirent:
1986 2678 2196 2739 castra
2239 2674 2361 2737 Pu-

248 2775 314 2823 12
349 2766 500 2831 nica
545 2765 978 2849 oppugnanda
1013 2785 1172 2829 esse.
1245 2767 1480 2848 quarta
1514 2763 1742 2848 vigilia
1781 2763 2052 2845 profecti
2090 2760 2360 2826 sarcinis

353 2853 653 2919 omnibus
685 2852 1289 2936 impedimentisque
1317 2851 1672 2917 Beneventi
1707 2850 1949 2914 relictis
1986 2850 2179 2933 paulo
2210 2852 2361 2915 ante

351 2942 559 3004 lucem
605 2960 750 3004 cum
796 2940 877 3004 ad
913 2943 1124 3003 castra
1159 2940 1629 3021 pervenissent,
1673 2939 1930 3001 tantum
1966 2938 2228 3020 pavoris
2266 2938 2360 3003 in·

352 3027 666 3109 iecerunt,
718 3029 817 3109 ut,
872 3027 929 3090 si
983 3027 1052 3089 in
1104 3026 1300 3109 plano
1358 3028 1571 3091 castra
1625 3024 1841 3107 posita
1895 3029 2134 3109 essent,
2188 3026 2361 3092 haud

248 3126 315 3177 13
352 3115 543 3180 dubie
588 3114 799 3196 primo
852 3114 1101 3196 impetu
1156 3115 1297 3197 capi
1351 3113 1701 3198 potuerint.
1791 3112 2095 3179 altitudo·
2123 3115 2253 3180 loci
2298 3118 2362 3178 et

352 3204 754 3269 munimenta
791 3202 1235 3286 defenderunt,
1283 3223 1445 3286 quae
1481 3202 1663 3266 nulla
1700 3223 1777 3265 ex
1813 3205 2000 3284 parte
2077 3203 2198 3267 diri
2233 3203 2361 3266 nisi

250 3305 317 3353 14
355 3294 556 3358 arduo
587 3312 661 3356 ac
690 3291 939 3356 difficili
968 3311 1233 3356 ascensu
1257 3293 1579 3374 poterant.
1642 3290 1783 3354 luce
1809 3225 2358 3373 primazroelium

352 3382 583 3465 ingens
614 3401 946 3446 accensum
977 3383 1094 3445 est.
1162 3400 1283 3445 nec
1319 3380 1563 3445 vallum
1599 3378 1790 3443 modo
1826 3382 2121 3443 tutantur
2147 3376 2360 3461 Poeni,

353 3470 495 3551 sed,
538 3472 613 3533 ut
659 3470 888 3554 quibus
935 3469 1111 3534 locus
1160 3470 1424 3553 aequior
1461 3471 1658 3552 esset,
1703 3467 2048 3531 deturbant
2090 3464 2362 3530 nitentis
