<?xml version="1.0" encoding="UTF-8"?>
<!DOCTYPE html PUBLIC "-//W3C//DTD XHTML 1.0 Transitional//EN"
    "http://www.w3.org/TR/xhtml1/DTD/xhtml1-transitional.dtd">
<html xmlns="http://www.w3.org/1999/xhtml" xml:lang="en" lang="en">
 <head>
  <title>
</title>
<meta http-equiv="Content-Type" content="text/html;charset=utf-8" />
  <meta name='ocr-system' content='tesseract 3.04.00' />
  <meta name='ocr-capabilities' content='ocr_page ocr_carea ocr_par ocr_line ocrx_word'/>
</head>
<body>
  <div class='ocr_page' id='page_1' title='image "./aburbeconditali16livygoog_0022.png"; bbox 0 0 2654 3913; ppageno 0'>
   <div class='ocr_carea' id='block_1_1' title="bbox 400 201 2180 279">
    <p class='ocr_par' dir='ltr' id='par_1_1' title="bbox 400 201 2180 279">
     <span class='ocr_line' id='line_1_1' title="bbox 400 201 2180 279; baseline 0.004 -24"><span class='ocrx_word' id='word_1_1' title='bbox 400 202 485 267; x_wconf 82' lang='lat'>14</span> <span class='ocrx_word' id='word_1_2' title='bbox 626 202 838 256; x_wconf 76' lang='lat' dir='ltr'>LIBER</span> <span class='ocrx_word' id='word_1_3' title='bbox 874 201 1068 256; x_wconf 88' lang='lat' dir='ltr'>XXIV.</span> <span class='ocrx_word' id='word_1_4' title='bbox 1144 201 1293 256; x_wconf 87' lang='lat' dir='ltr'>CAP.</span> <span class='ocrx_word' id='word_1_5' title='bbox 1339 208 1423 258; x_wconf 91' lang='grc'>11.</span> <span class='ocrx_word' id='word_1_6' title='bbox 1466 209 1546 257; x_wconf 82' lang='lat'>12.</span> <span class='ocrx_word' id='word_1_7' title='bbox 1591 209 1671 258; x_wconf 84' lang='lat'>13.</span> <span class='ocrx_word' id='word_1_8' title='bbox 1748 205 1824 275; x_wconf 86' lang='lat' dir='ltr'>[a.</span> <span class='ocrx_word' id='word_1_9' title='bbox 1863 204 1925 259; x_wconf 91' lang='lat' dir='ltr'>U.</span> <span class='ocrx_word' id='word_1_10' title='bbox 1966 222 2011 259; x_wconf 90' lang='lat' dir='ltr'>c.</span> <span class='ocrx_word' id='word_1_11' title='bbox 2052 207 2180 279; x_wconf 78' lang='lat'>540]</span> 
     </span>
    </p>
   </div>
   <div class='ocr_carea' id='block_1_2' title="bbox 325 347 2427 3605">
    <p class='ocr_par' dir='ltr' id='par_1_2' title="bbox 395 347 2419 607">
     <span class='ocr_line' id='line_1_2' title="bbox 395 347 2419 430; baseline 0.005 -19"><span class='ocrx_word' id='word_1_12' title='bbox 395 347 670 430; x_wconf 85' lang='lat' dir='ltr'>triginta</span> <span class='ocrx_word' id='word_1_13' title='bbox 729 347 976 411; x_wconf 90' lang='lat' dir='ltr'>dierum</span> <span class='ocrx_word' id='word_1_14' title='bbox 1035 347 1235 412; x_wconf 90' lang='lat' dir='ltr'>coctis</span> <span class='ocrx_word' id='word_1_15' title='bbox 1305 347 1565 411; x_wconf 88' lang='lat' dir='ltr'>cibariis</span> <span class='ocrx_word' id='word_1_16' title='bbox 1632 369 1832 413; x_wconf 85' lang='lat' dir='ltr'>naves</span> <span class='ocrx_word' id='word_1_17' title='bbox 1890 352 2419 423; x_wconf 85' lang='lat' dir='ltr'>conscenderunt.</span> 
     </span>
     <span class='ocr_line' id='line_1_3' title="bbox 397 433 2416 520; baseline 0.004 -21"><span class='ocrx_word' id='word_1_18' title='bbox 397 437 533 499; x_wconf 90' lang='lat' dir='ltr'>tum</span> <span class='ocrx_word' id='word_1_19' title='bbox 558 435 843 518; x_wconf 88' lang='lat' dir='ltr'>primum</span> <span class='ocrx_word' id='word_1_20' title='bbox 873 438 972 500; x_wconf 90' lang='lat' dir='ltr'>est</span> <span class='ocrx_word' id='word_1_21' title='bbox 998 433 1268 520; x_wconf 88' lang='lat' dir='ltr'>factum,</span> <span class='ocrx_word' id='word_1_22' title='bbox 1304 438 1379 499; x_wconf 89' lang='lat' dir='ltr'>ut</span> <span class='ocrx_word' id='word_1_23' title='bbox 1414 435 1639 501; x_wconf 91' lang='lat' dir='ltr'>classis</span> <span class='ocrx_word' id='word_1_24' title='bbox 1668 434 1967 502; x_wconf 86' lang='lat' dir='ltr'>Romana</span> <span class='ocrx_word' id='word_1_25' title='bbox 1994 439 2189 504; x_wconf 90' lang='lat' dir='ltr'>sociis</span> <span class='ocrx_word' id='word_1_26' title='bbox 2219 462 2416 509; x_wconf 84' lang='lat' dir='ltr'>nava-</span> 
     </span>
     <span class='ocr_line' id='line_1_4' title="bbox 396 523 1952 607; baseline 0.002 -19"><span class='ocrx_word' id='word_1_27' title='bbox 396 523 568 588; x_wconf 85' lang='lat' dir='ltr'>libus</span> <span class='ocrx_word' id='word_1_28' title='bbox 615 525 868 606; x_wconf 87' lang='lat' dir='ltr'>privata</span> <span class='ocrx_word' id='word_1_29' title='bbox 913 523 1183 606; x_wconf 89' lang='lat' dir='ltr'>inpensa</span> <span class='ocrx_word' id='word_1_30' title='bbox 1227 524 1477 606; x_wconf 84' lang='lat' dir='ltr'>paratis</span> <span class='ocrx_word' id='word_1_31' title='bbox 1525 525 1952 607; x_wconf 89' lang='lat' dir='ltr'>conpleretur.</span> 
     </span>
    </p>

    <p class='ocr_par' dir='ltr' id='par_1_3' title="bbox 331 611 2417 784">
     <span class='ocr_line' id='line_1_5' title="bbox 331 611 2417 698; baseline 0.007 -28"><span class='ocrx_word' id='word_1_32' title='bbox 331 622 359 670; x_wconf 89' lang='lat'>1</span> <span class='ocrx_word' id='word_1_33' title='bbox 573 611 719 677; x_wconf 93' lang='lat' dir='ltr'>XII.</span> <span class='ocrx_word' id='word_1_34' title='bbox 746 611 870 676; x_wconf 90' lang='lat' dir='ltr'>Hic</span> <span class='ocrx_word' id='word_1_35' title='bbox 897 613 1104 676; x_wconf 90' lang='lat' dir='ltr'>maior</span> <span class='ocrx_word' id='word_1_36' title='bbox 1123 613 1316 677; x_wconf 90' lang='lat' dir='ltr'>solito</span> <span class='ocrx_word' id='word_1_37' title='bbox 1338 613 1681 697; x_wconf 78' lang='lat' dir='ltr'>adparatus</span> <span class='ocrx_word' id='word_1_38' title='bbox 1702 615 2042 698; x_wconf 91' lang='lat' dir='ltr'>praecipue</span> <span class='ocrx_word' id='word_1_39' title='bbox 2061 619 2417 685; x_wconf 78' lang='lat' dir='ltr'>conterruit</span> 
     </span>
     <span class='ocr_line' id='line_1_6' title="bbox 401 699 2416 784; baseline 0.003 -19"><span class='ocrx_word' id='word_1_40' title='bbox 401 699 794 782; x_wconf 78' lang='lat' dir='ltr'>CampanOS,</span> <span class='ocrx_word' id='word_1_41' title='bbox 838 720 919 763; x_wconf 92' lang='lat' dir='ltr'>ne</span> <span class='ocrx_word' id='word_1_42' title='bbox 965 700 1046 764; x_wconf 89' lang='lat' dir='ltr'>ab</span> <span class='ocrx_word' id='word_1_43' title='bbox 1094 700 1429 766; x_wconf 82' lang='lat' dir='ltr'>obsidione</span> <span class='ocrx_word' id='word_1_44' title='bbox 1475 699 1735 784; x_wconf 82' lang='lat' dir='ltr'>Capuae</span> <span class='ocrx_word' id='word_1_45' title='bbox 1778 701 2028 767; x_wconf 88' lang='lat' dir='ltr'>bellum</span> <span class='ocrx_word' id='word_1_46' title='bbox 2080 704 2214 770; x_wconf 89' lang='lat' dir='ltr'>eius</span> <span class='ocrx_word' id='word_1_47' title='bbox 2263 709 2416 774; x_wconf 88' lang='lat' dir='ltr'>anni</span> 
     </span>
    </p>

    <p class='ocr_par' dir='ltr' id='par_1_4' title="bbox 328 786 2417 1136">
     <span class='ocr_line' id='line_1_7' title="bbox 328 786 2416 874; baseline 0.007 -28"><span class='ocrx_word' id='word_1_48' title='bbox 328 799 362 846; x_wconf 80' lang='lat'>2</span> <span class='ocrx_word' id='word_1_49' title='bbox 398 788 677 853; x_wconf 83' lang='lat' dir='ltr'>Romani</span> <span class='ocrx_word' id='word_1_50' title='bbox 714 786 1089 869; x_wconf 71' lang='lat' dir='ltr'>inciperent.</span> <span class='ocrx_word' id='word_1_51' title='bbox 1165 789 1383 872; x_wconf 88' lang='lat' dir='ltr'>itaque</span> <span class='ocrx_word' id='word_1_52' title='bbox 1408 789 1661 874; x_wconf 85' lang='lat' dir='ltr'>legatos</span> <span class='ocrx_word' id='word_1_53' title='bbox 1690 791 1771 855; x_wconf 90' lang='lat' dir='ltr'>ad</span> <span class='ocrx_word' id='word_1_54' title='bbox 1799 789 2238 858; x_wconf 86' lang='lat' dir='ltr'>Hannibalem</span> <span class='ocrx_word' id='word_1_55' title='bbox 2275 816 2416 860; x_wconf 91' lang='lat' dir='ltr'>ora-</span> 
     </span>
     <span class='ocr_line' id='line_1_8' title="bbox 399 872 2417 957; baseline 0.006 -21"><span class='ocrx_word' id='word_1_56' title='bbox 399 880 540 938; x_wconf 89' lang='lat' dir='ltr'>tum</span> <span class='ocrx_word' id='word_1_57' title='bbox 593 875 935 956; x_wconf 88' lang='lat' dir='ltr'>miserunt,</span> <span class='ocrx_word' id='word_1_58' title='bbox 999 878 1074 939; x_wconf 88' lang='lat' dir='ltr'>ut</span> <span class='ocrx_word' id='word_1_59' title='bbox 1128 872 1417 957; x_wconf 85' lang='lat' dir='ltr'>Capuam</span> <span class='ocrx_word' id='word_1_60' title='bbox 1473 879 1825 943; x_wconf 85' lang='lat' dir='ltr'>exercitum</span> <span class='ocrx_word' id='word_1_61' title='bbox 1880 880 2275 947; x_wconf 84' lang='lat' dir='ltr'>admoveret:</span> <span class='ocrx_word' id='word_1_62' title='bbox 2332 885 2417 949; x_wconf 89' lang='lat' dir='ltr'>ad</span> 
     </span>
     <span class='ocr_line' id='line_1_9' title="bbox 401 961 2415 1054; baseline 0.006 -29"><span class='ocrx_word' id='word_1_63' title='bbox 401 983 543 1025; x_wconf 90' lang='lat' dir='ltr'>eam</span> <span class='ocrx_word' id='word_1_64' title='bbox 589 961 1092 1046; x_wconf 86' lang='lat' dir='ltr'>oppugnandam</span> <span class='ocrx_word' id='word_1_65' title='bbox 1137 984 1342 1028; x_wconf 84' lang='lat' dir='ltr'>novos</span> <span class='ocrx_word' id='word_1_66' title='bbox 1389 966 1705 1029; x_wconf 85' lang='lat' dir='ltr'>exercitus</span> <span class='ocrx_word' id='word_1_67' title='bbox 1751 967 1950 1031; x_wconf 85' lang='lat' dir='ltr'><strong>scribi</strong></span> <span class='ocrx_word' id='word_1_68' title='bbox 1984 968 2255 1054; x_wconf 86' lang='lat' dir='ltr'>Romae,</span> <span class='ocrx_word' id='word_1_69' title='bbox 2296 993 2415 1038; x_wconf 91' lang='lat' dir='ltr'>nec</span> 
     </span>
     <span class='ocr_line' id='line_1_10' title="bbox 398 1049 2416 1136; baseline 0.006 -23"><span class='ocrx_word' id='word_1_70' title='bbox 398 1049 596 1113; x_wconf 90' lang='lat' dir='ltr'>ullius</span> <span class='ocrx_word' id='word_1_71' title='bbox 642 1051 822 1115; x_wconf 89' lang='lat' dir='ltr'>urbis</span> <span class='ocrx_word' id='word_1_72' title='bbox 879 1049 1224 1116; x_wconf 77' lang='lat' dir='ltr'>defectioni</span> <span class='ocrx_word' id='word_1_73' title='bbox 1276 1052 1491 1136; x_wconf 87' lang='lat' dir='ltr'>magis</span> <span class='ocrx_word' id='word_1_74' title='bbox 1546 1052 1833 1118; x_wconf 89' lang='lat' dir='ltr'>infensos</span> <span class='ocrx_word' id='word_1_75' title='bbox 1889 1075 2108 1120; x_wconf 89' lang='lat' dir='ltr'>eorum</span> <span class='ocrx_word' id='word_1_76' title='bbox 2165 1059 2416 1125; x_wconf 88' lang='lat' dir='ltr'>animos</span> 
     </span>
    </p>

    <p class='ocr_par' dir='ltr' id='par_1_5' title="bbox 328 1137 2417 1402">
     <span class='ocr_line' id='line_1_11' title="bbox 328 1137 2415 1226; baseline 0.007 -27"><span class='ocrx_word' id='word_1_77' title='bbox 328 1147 362 1195; x_wconf 73' lang='lat'>8</span> <span class='ocrx_word' id='word_1_78' title='bbox 400 1158 558 1202; x_wconf 87' lang='lat' dir='ltr'>esse.</span> <span class='ocrx_word' id='word_1_79' title='bbox 657 1137 724 1202; x_wconf 88' lang='lat' dir='ltr'>id</span> <span class='ocrx_word' id='word_1_80' title='bbox 779 1137 931 1222; x_wconf 90' lang='lat' dir='ltr'>quia</span> <span class='ocrx_word' id='word_1_81' title='bbox 983 1141 1122 1203; x_wconf 85' lang='lat' dir='ltr'>tam</span> <span class='ocrx_word' id='word_1_82' title='bbox 1174 1139 1426 1222; x_wconf 86' lang='lat' dir='ltr'>trepide</span> <span class='ocrx_word' id='word_1_83' title='bbox 1484 1140 1904 1226; x_wconf 86' lang='lat' dir='ltr'>nuntiabant,</span> <span class='ocrx_word' id='word_1_84' title='bbox 1961 1148 2415 1214; x_wconf 86' lang='lat' dir='ltr'>maturandum</span> 
     </span>
     <span class='ocr_line' id='line_1_12' title="bbox 398 1224 2416 1318; baseline 0.006 -30"><span class='ocrx_word' id='word_1_85' title='bbox 398 1224 728 1290; x_wconf 88' lang='lat' dir='ltr'>Hannibal</span> <span class='ocrx_word' id='word_1_86' title='bbox 754 1229 956 1308; x_wconf 77' lang='lat' dir='ltr'>ratuS‚</span> <span class='ocrx_word' id='word_1_87' title='bbox 974 1247 1054 1289; x_wconf 89' lang='lat' dir='ltr'>ne</span> <span class='ocrx_word' id='word_1_88' title='bbox 1081 1227 1534 1310; x_wconf 85' lang='lat' dir='ltr'>praevenirent</span> <span class='ocrx_word' id='word_1_89' title='bbox 1552 1227 1848 1311; x_wconf 87' lang='lat' dir='ltr'>Romani,</span> <span class='ocrx_word' id='word_1_90' title='bbox 1871 1231 2198 1314; x_wconf 85' lang='lat' dir='ltr'>profectus</span> <span class='ocrx_word' id='word_1_91' title='bbox 2218 1236 2416 1318; x_wconf 84' lang='lat' dir='ltr'>Arpis</span> 
     </span>
     <span class='ocr_line' id='line_1_13' title="bbox 400 1313 2417 1402; baseline 0.005 -25"><span class='ocrx_word' id='word_1_92' title='bbox 400 1314 481 1378; x_wconf 88' lang='lat' dir='ltr'>ad</span> <span class='ocrx_word' id='word_1_93' title='bbox 526 1314 740 1379; x_wconf 86' lang='lat' dir='ltr'>Tifata</span> <span class='ocrx_word' id='word_1_94' title='bbox 785 1313 852 1378; x_wconf 92' lang='lat' dir='ltr'>in</span> <span class='ocrx_word' id='word_1_95' title='bbox 898 1315 1223 1379; x_wconf 81' lang='lat' dir='ltr'>veteribus</span> <span class='ocrx_word' id='word_1_96' title='bbox 1269 1316 1501 1381; x_wconf 89' lang='lat' dir='ltr'>castris</span> <span class='ocrx_word' id='word_1_97' title='bbox 1550 1338 1742 1400; x_wconf 91' lang='lat' dir='ltr'>super</span> <span class='ocrx_word' id='word_1_98' title='bbox 1781 1315 2068 1402; x_wconf 87' lang='lat' dir='ltr'>Capuam</span> <span class='ocrx_word' id='word_1_99' title='bbox 2111 1324 2417 1388; x_wconf 88' lang='lat' dir='ltr'>consedit.</span> 
     </span>
    </p>

    <p class='ocr_par' dir='ltr' id='par_1_6' title="bbox 327 1400 2418 1670">
     <span class='ocr_line' id='line_1_14' title="bbox 327 1400 2418 1488; baseline 0.007 -28"><span class='ocrx_word' id='word_1_100' title='bbox 327 1412 361 1460; x_wconf 82' lang='lat'>4</span> <span class='ocrx_word' id='word_1_101' title='bbox 400 1403 544 1468; x_wconf 90' lang='lat' dir='ltr'>inde</span> <span class='ocrx_word' id='word_1_102' title='bbox 580 1402 880 1468; x_wconf 86' lang='lat' dir='ltr'>Numidis</span> <span class='ocrx_word' id='word_1_103' title='bbox 916 1400 1356 1488; x_wconf 91' lang='lat' dir='ltr'>Hispanisque</span> <span class='ocrx_word' id='word_1_104' title='bbox 1393 1404 1472 1468; x_wconf 76' lang='lat' dir='ltr'>acl</span> <span class='ocrx_word' id='word_1_105' title='bbox 1507 1404 1902 1487; x_wconf 86' lang='lat' dir='ltr'>praesidium</span> <span class='ocrx_word' id='word_1_106' title='bbox 1941 1407 2137 1472; x_wconf 89' lang='lat' dir='ltr'>simul</span> <span class='ocrx_word' id='word_1_107' title='bbox 2173 1414 2418 1475; x_wconf 85' lang='lat' dir='ltr'>castro-</span> 
     </span>
     <span class='ocr_line' id='line_1_15' title="bbox 397 1489 2417 1577; baseline 0.004 -21"><span class='ocrx_word' id='word_1_108' title='bbox 397 1515 541 1557; x_wconf 89' lang='lat' dir='ltr'>rum</span> <span class='ocrx_word' id='word_1_109' title='bbox 569 1493 761 1557; x_wconf 90' lang='lat' dir='ltr'>simul</span> <span class='ocrx_word' id='word_1_110' title='bbox 790 1489 1051 1577; x_wconf 87' lang='lat' dir='ltr'>Capuae</span> <span class='ocrx_word' id='word_1_111' title='bbox 1078 1492 1322 1557; x_wconf 88' lang='lat' dir='ltr'>relictis</span> <span class='ocrx_word' id='word_1_112' title='bbox 1353 1513 1497 1555; x_wconf 90' lang='lat' dir='ltr'>cum</span> <span class='ocrx_word' id='word_1_113' title='bbox 1528 1497 1742 1558; x_wconf 91' lang='lat' dir='ltr'>cetero</span> <span class='ocrx_word' id='word_1_114' title='bbox 1772 1495 2055 1561; x_wconf 84' lang='lat' dir='ltr'>exercitu</span> <span class='ocrx_word' id='word_1_115' title='bbox 2093 1497 2176 1562; x_wconf 89' lang='lat' dir='ltr'>ad</span> <span class='ocrx_word' id='word_1_116' title='bbox 2201 1498 2417 1564; x_wconf 89' lang='lat' dir='ltr'>lacum</span> 
     </span>
     <span class='ocr_line' id='line_1_16' title="bbox 397 1579 2418 1670; baseline 0.002 -25"><span class='ocrx_word' id='word_1_117' title='bbox 397 1582 642 1646; x_wconf 84' lang='lat' dir='ltr'>Averni</span> <span class='ocrx_word' id='word_1_118' title='bbox 686 1603 803 1664; x_wconf 90' lang='lat' dir='ltr'>per</span> <span class='ocrx_word' id='word_1_119' title='bbox 839 1582 1116 1664; x_wconf 91' lang='lat' dir='ltr'>speciem</span> <span class='ocrx_word' id='word_1_120' title='bbox 1156 1579 1581 1665; x_wconf 86' lang='lat' dir='ltr'>sacrificandi,</span> <span class='ocrx_word' id='word_1_121' title='bbox 1626 1603 1697 1646; x_wconf 92' lang='lat' dir='ltr'>re</span> <span class='ocrx_word' id='word_1_122' title='bbox 1743 1583 1913 1667; x_wconf 89' lang='lat' dir='ltr'>ipsa,</span> <span class='ocrx_word' id='word_1_123' title='bbox 1956 1588 2030 1649; x_wconf 92' lang='lat' dir='ltr'>ut</span> <span class='ocrx_word' id='word_1_124' title='bbox 2067 1588 2418 1670; x_wconf 86' lang='lat' dir='ltr'>temptaret</span> 
     </span>
    </p>

    <p class='ocr_par' dir='ltr' id='par_1_7' title="bbox 326 1667 2417 1927">
     <span class='ocr_line' id='line_1_17' title="bbox 326 1667 2415 1753; baseline 0.001 -22"><span class='ocrx_word' id='word_1_125' title='bbox 326 1675 358 1724; x_wconf 79' lang='lat'><strong>5</strong></span> <span class='ocrx_word' id='word_1_126' title='bbox 397 1668 699 1733; x_wconf 83' lang='lat' dir='ltr'>Puteolos</span> <span class='ocrx_word' id='word_1_127' title='bbox 728 1669 1027 1751; x_wconf 90' lang='lat' dir='ltr'>quodque</span> <span class='ocrx_word' id='word_1_128' title='bbox 1055 1668 1148 1732; x_wconf 89' lang='lat' dir='ltr'>ibi</span> <span class='ocrx_word' id='word_1_129' title='bbox 1175 1667 1566 1750; x_wconf 87' lang='lat' dir='ltr'>praesidium</span> <span class='ocrx_word' id='word_1_130' title='bbox 1599 1672 1761 1753; x_wconf 88' lang='lat' dir='ltr'>erat,</span> <span class='ocrx_word' id='word_1_131' title='bbox 1790 1670 2139 1736; x_wconf 86' lang='lat' dir='ltr'>descendit.</span> <span class='ocrx_word' id='word_1_132' title='bbox 2210 1672 2415 1735; x_wconf 85' lang='lat' dir='ltr'>Maxi-</span> 
     </span>
     <span class='ocr_line' id='line_1_18' title="bbox 400 1754 2417 1840; baseline 0.001 -22"><span class='ocrx_word' id='word_1_133' title='bbox 400 1778 539 1818; x_wconf 88' lang='lat' dir='ltr'>mus</span> <span class='ocrx_word' id='word_1_134' title='bbox 551 1806 567 1836; x_wconf 91' lang='lat'>,</span> <span class='ocrx_word' id='word_1_135' title='bbox 603 1758 947 1837; x_wconf 87' lang='lat' dir='ltr'>postquam</span> <span class='ocrx_word' id='word_1_136' title='bbox 986 1754 1426 1819; x_wconf 89' lang='lat' dir='ltr'>Hannibalem</span> <span class='ocrx_word' id='word_1_137' title='bbox 1462 1756 1651 1839; x_wconf 85' lang='lat' dir='ltr'>Arpis</span> <span class='ocrx_word' id='word_1_138' title='bbox 1679 1757 2038 1838; x_wconf 90' lang='lat' dir='ltr'>profectum</span> <span class='ocrx_word' id='word_1_139' title='bbox 2069 1760 2136 1820; x_wconf 88' lang='lat' dir='ltr'>et</span> <span class='ocrx_word' id='word_1_140' title='bbox 2161 1758 2417 1840; x_wconf 86' lang='lat' dir='ltr'>regredi</span> 
     </span>
     <span class='ocr_line' id='line_1_19' title="bbox 398 1841 2416 1927; baseline 0.001 -21"><span class='ocrx_word' id='word_1_141' title='bbox 398 1845 466 1907; x_wconf 94' lang='lat' dir='ltr'>in</span> <span class='ocrx_word' id='word_1_142' title='bbox 511 1841 931 1924; x_wconf 89' lang='lat' dir='ltr'>Campaniam</span> <span class='ocrx_word' id='word_1_143' title='bbox 978 1844 1267 1908; x_wconf 83' lang='lat' dir='ltr'>adlatum</span> <span class='ocrx_word' id='word_1_144' title='bbox 1314 1847 1440 1927; x_wconf 86' lang='lat' dir='ltr'>est,</span> <span class='ocrx_word' id='word_1_145' title='bbox 1498 1865 1616 1908; x_wconf 93' lang='lat' dir='ltr'>nec</span> <span class='ocrx_word' id='word_1_146' title='bbox 1670 1843 1773 1907; x_wconf 90' lang='lat' dir='ltr'>die</span> <span class='ocrx_word' id='word_1_147' title='bbox 1826 1864 1943 1908; x_wconf 93' lang='lat' dir='ltr'>nec</span> <span class='ocrx_word' id='word_1_148' title='bbox 1987 1846 2175 1908; x_wconf 84' lang='lat' dir='ltr'>nocte</span> <span class='ocrx_word' id='word_1_149' title='bbox 2220 1844 2416 1909; x_wconf 88' lang='lat' dir='ltr'>inter-</span> 
     </span>
    </p>

    <p class='ocr_par' dir='ltr' id='par_1_8' title="bbox 325 1929 2416 2176">
     <span class='ocr_line' id='line_1_20' title="bbox 325 1929 2414 1998; baseline 0.004 -8"><span class='ocrx_word' id='word_1_150' title='bbox 325 1941 359 1990; x_wconf 82' lang='lat' dir='ltr'>e</span> <span class='ocrx_word' id='word_1_151' title='bbox 397 1930 596 1997; x_wconf 88' lang='lat' dir='ltr'>misso</span> <span class='ocrx_word' id='word_1_152' title='bbox 641 1930 872 1996; x_wconf 87' lang='lat' dir='ltr'>itinere</span> <span class='ocrx_word' id='word_1_153' title='bbox 920 1932 1000 1997; x_wconf 88' lang='lat' dir='ltr'>ad</span> <span class='ocrx_word' id='word_1_154' title='bbox 1047 1932 1394 1998; x_wconf 83' lang='lat' dir='ltr'>exercitum</span> <span class='ocrx_word' id='word_1_155' title='bbox 1439 1931 1611 1997; x_wconf 86' lang='lat' dir='ltr'>redit</span> <span class='ocrx_word' id='word_1_156' title='bbox 1667 1934 1733 1995; x_wconf 90' lang='lat' dir='ltr'>et</span> <span class='ocrx_word' id='word_1_157' title='bbox 1780 1931 1875 1998; x_wconf 91' lang='lat' dir='ltr'>Ti.</span> <span class='ocrx_word' id='word_1_158' title='bbox 1924 1929 2284 1997; x_wconf 84' lang='lat' dir='ltr'>Gracchum</span> <span class='ocrx_word' id='word_1_159' title='bbox 2330 1934 2414 1998; x_wconf 88' lang='lat' dir='ltr'>ab</span> 
     </span>
     <span class='ocr_line' id='line_1_21' title="bbox 395 2018 2416 2105; baseline 0.001 -21"><span class='ocrx_word' id='word_1_160' title='bbox 395 2019 664 2086; x_wconf 88' lang='lat' dir='ltr'>Luceria</span> <span class='ocrx_word' id='word_1_161' title='bbox 690 2018 1130 2087; x_wconf 84' lang='lat' dir='ltr'>Beneventum</span> <span class='ocrx_word' id='word_1_162' title='bbox 1160 2021 1379 2104; x_wconf 90' lang='lat' dir='ltr'>copias</span> <span class='ocrx_word' id='word_1_163' title='bbox 1411 2021 1779 2102; x_wconf 86' lang='lat' dir='ltr'>admovere,</span> <span class='ocrx_word' id='word_1_164' title='bbox 1818 2019 1893 2096; x_wconf 84' lang='lat' dir='ltr'>Q.</span> <span class='ocrx_word' id='word_1_165' title='bbox 1920 2020 2194 2086; x_wconf 87' lang='lat' dir='ltr'>Fabium</span> <span class='ocrx_word' id='word_1_166' title='bbox 2230 2043 2416 2105; x_wconf 86' lang='lat' dir='ltr'>prae-</span> 
     </span>
     <span class='ocr_line' id='line_1_22' title="bbox 396 2107 2416 2176; baseline 0 -1"><span class='ocrx_word' id='word_1_167' title='bbox 396 2114 603 2175; x_wconf 91' lang='lat' dir='ltr'>torem</span> <span class='ocrx_word' id='word_1_168' title='bbox 644 2146 722 2156; x_wconf 89' lang='lat'>—</span> <span class='ocrx_word' id='word_1_169' title='bbox 762 2109 818 2174; x_wconf 91' lang='lat' dir='ltr'>is</span> <span class='ocrx_word' id='word_1_170' title='bbox 854 2110 1024 2176; x_wconf 90' lang='lat' dir='ltr'>filius</span> <span class='ocrx_word' id='word_1_171' title='bbox 1053 2109 1334 2176; x_wconf 91' lang='lat' dir='ltr'>consulis</span> <span class='ocrx_word' id='word_1_172' title='bbox 1364 2112 1507 2173; x_wconf 87' lang='lat' dir='ltr'>erat</span> <span class='ocrx_word' id='word_1_173' title='bbox 1536 2144 1617 2155; x_wconf 95' lang='lat'>——</span> <span class='ocrx_word' id='word_1_174' title='bbox 1648 2109 1735 2173; x_wconf 84' lang='lat' dir='ltr'>ad</span> <span class='ocrx_word' id='word_1_175' title='bbox 1759 2107 2094 2174; x_wconf 87' lang='lat' dir='ltr'>Luceriam</span> <span class='ocrx_word' id='word_1_176' title='bbox 2126 2109 2416 2175; x_wconf 85' lang='lat' dir='ltr'>Graccho</span> 
     </span>
    </p>

    <p class='ocr_par' dir='ltr' id='par_1_9' title="bbox 329 2197 2417 2369">
     <span class='ocr_line' id='line_1_23' title="bbox 329 2197 2417 2281; baseline 0 -19"><span class='ocrx_word' id='word_1_177' title='bbox 329 2208 357 2254; x_wconf 80' lang='lat'>⁷</span> <span class='ocrx_word' id='word_1_178' title='bbox 400 2198 732 2263; x_wconf 90' lang='lat' dir='ltr'>succedere</span> <span class='ocrx_word' id='word_1_179' title='bbox 768 2198 966 2263; x_wconf 89' lang='lat' dir='ltr'>iubet.</span> <span class='ocrx_word' id='word_1_180' title='bbox 1027 2198 1097 2263; x_wconf 90' lang='lat' dir='ltr'>in</span> <span class='ocrx_word' id='word_1_181' title='bbox 1134 2197 1423 2263; x_wconf 87' lang='lat' dir='ltr'>Siciliam</span> <span class='ocrx_word' id='word_1_182' title='bbox 1470 2197 1695 2261; x_wconf 88' lang='lat' dir='ltr'>eodem</span> <span class='ocrx_word' id='word_1_183' title='bbox 1739 2200 2031 2281; x_wconf 90' lang='lat' dir='ltr'>tempore</span> <span class='ocrx_word' id='word_1_184' title='bbox 2069 2197 2194 2263; x_wconf 90' lang='lat' dir='ltr'>duo</span> <span class='ocrx_word' id='word_1_185' title='bbox 2232 2220 2417 2281; x_wconf 90' lang='lat' dir='ltr'>prae-</span> 
     </span>
     <span class='ocr_line' id='line_1_24' title="bbox 397 2283 2417 2369; baseline 0.001 -20"><span class='ocrx_word' id='word_1_186' title='bbox 397 2291 571 2349; x_wconf 87' lang='lat' dir='ltr'>tores</span> <span class='ocrx_word' id='word_1_187' title='bbox 618 2286 917 2369; x_wconf 89' lang='lat' dir='ltr'>profecti,</span> <span class='ocrx_word' id='word_1_188' title='bbox 962 2285 1033 2350; x_wconf 91' lang='lat' dir='ltr'>P.</span> <span class='ocrx_word' id='word_1_189' title='bbox 1061 2283 1404 2350; x_wconf 88' lang='lat' dir='ltr'>Cornelius</span> <span class='ocrx_word' id='word_1_190' title='bbox 1442 2285 1522 2349; x_wconf 88' lang='lat' dir='ltr'>ad</span> <span class='ocrx_word' id='word_1_191' title='bbox 1560 2284 1935 2369; x_wconf 86' lang='lat' dir='ltr'>exercitum,</span> <span class='ocrx_word' id='word_1_192' title='bbox 1973 2285 2047 2351; x_wconf 87' lang='lat' dir='ltr'>T.</span> <span class='ocrx_word' id='word_1_193' title='bbox 2077 2283 2417 2369; x_wconf 79' lang='lat' dir='ltr'>OtaciliuS‚</span> 
     </span>
    </p>

    <p class='ocr_par' dir='ltr' id='par_1_10' title="bbox 327 2372 2419 2722">
     <span class='ocr_line' id='line_1_25' title="bbox 327 2372 2418 2458; baseline 0.003 -27"><span class='ocrx_word' id='word_1_194' title='bbox 327 2381 362 2431; x_wconf 85' lang='lat'>8</span> <span class='ocrx_word' id='word_1_195' title='bbox 400 2372 510 2457; x_wconf 90' lang='lat' dir='ltr'>qui</span> <span class='ocrx_word' id='word_1_196' title='bbox 557 2372 916 2438; x_wconf 88' lang='lat' dir='ltr'>maritimae</span> <span class='ocrx_word' id='word_1_197' title='bbox 962 2395 1113 2438; x_wconf 89' lang='lat' dir='ltr'>orae</span> <span class='ocrx_word' id='word_1_198' title='bbox 1156 2372 1378 2458; x_wconf 89' lang='lat' dir='ltr'>reique</span> <span class='ocrx_word' id='word_1_199' title='bbox 1422 2373 1644 2437; x_wconf 87' lang='lat' dir='ltr'>navali</span> <span class='ocrx_word' id='word_1_200' title='bbox 1687 2376 2034 2455; x_wconf 88' lang='lat' dir='ltr'>praeesset.</span> <span class='ocrx_word' id='word_1_201' title='bbox 2109 2375 2177 2436; x_wconf 88' lang='lat' dir='ltr'>et</span> <span class='ocrx_word' id='word_1_202' title='bbox 2221 2373 2418 2438; x_wconf 86' lang='lat' dir='ltr'>ceteri</span> 
     </span>
     <span class='ocr_line' id='line_1_26' title="bbox 398 2459 2419 2545; baseline 0 -21"><span class='ocrx_word' id='word_1_203' title='bbox 398 2462 467 2524; x_wconf 91' lang='lat' dir='ltr'>in</span> <span class='ocrx_word' id='word_1_204' title='bbox 521 2480 669 2524; x_wconf 88' lang='lat' dir='ltr'>suas</span> <span class='ocrx_word' id='word_1_205' title='bbox 726 2460 995 2545; x_wconf 90' lang='lat' dir='ltr'>quisque</span> <span class='ocrx_word' id='word_1_206' title='bbox 1057 2461 1423 2544; x_wconf 84' lang='lat' dir='ltr'>provincias</span> <span class='ocrx_word' id='word_1_207' title='bbox 1478 2459 1784 2545; x_wconf 81' lang='lat' dir='ltr'>profecti3</span> <span class='ocrx_word' id='word_1_208' title='bbox 1848 2464 1914 2525; x_wconf 90' lang='lat' dir='ltr'>et</span> <span class='ocrx_word' id='word_1_209' title='bbox 1977 2461 2208 2544; x_wconf 87' lang='lat' dir='ltr'>quibus</span> <span class='ocrx_word' id='word_1_210' title='bbox 2270 2484 2419 2545; x_wconf 88' lang='lat' dir='ltr'>pro·</span> 
     </span>
     <span class='ocr_line' id='line_1_27' title="bbox 398 2548 2419 2634; baseline 0 -21"><span class='ocrx_word' id='word_1_211' title='bbox 398 2551 701 2634; x_wconf 85' lang='lat' dir='ltr'>rogatum</span> <span class='ocrx_word' id='word_1_212' title='bbox 763 2548 1104 2632; x_wconf 90' lang='lat' dir='ltr'>imperium</span> <span class='ocrx_word' id='word_1_213' title='bbox 1166 2553 1333 2633; x_wconf 85' lang='lat' dir='ltr'>erat,</span> <span class='ocrx_word' id='word_1_214' title='bbox 1394 2549 1677 2633; x_wconf 90' lang='lat' dir='ltr'>easdem,</span> <span class='ocrx_word' id='word_1_215' title='bbox 1739 2570 1899 2633; x_wconf 89' lang='lat' dir='ltr'>quas</span> <span class='ocrx_word' id='word_1_216' title='bbox 1960 2549 2162 2632; x_wconf 89' lang='lat' dir='ltr'>priori</span> <span class='ocrx_word' id='word_1_217' title='bbox 2224 2570 2419 2633; x_wconf 86' lang='lat' dir='ltr'>ann0,</span> 
     </span>
     <span class='ocr_line' id='line_1_28' title="bbox 398 2637 1186 2722; baseline 0.001 -21"><span class='ocrx_word' id='word_1_218' title='bbox 398 2638 698 2722; x_wconf 85' lang='lat' dir='ltr'>regiones</span> <span class='ocrx_word' id='word_1_219' title='bbox 745 2637 1186 2703; x_wconf 85' lang='lat' dir='ltr'>obtinuerunt.</span> 
     </span>
    </p>

    <p class='ocr_par' dir='ltr' id='par_1_11' title="bbox 331 2724 2420 3073">
     <span class='ocr_line' id='line_1_29' title="bbox 331 2724 2420 2809; baseline 0.002 -25"><span class='ocrx_word' id='word_1_220' title='bbox 331 2735 360 2784; x_wconf 91' lang='lat'>1</span> <span class='ocrx_word' id='word_1_221' title='bbox 575 2724 753 2789; x_wconf 90' lang='lat' dir='ltr'>XIII.</span> <span class='ocrx_word' id='word_1_222' title='bbox 798 2726 901 2790; x_wconf 88' lang='lat' dir='ltr'>Ad</span> <span class='ocrx_word' id='word_1_223' title='bbox 929 2725 1392 2809; x_wconf 88' lang='lat' dir='ltr'>Hannibalem,</span> <span class='ocrx_word' id='word_1_224' title='bbox 1429 2748 1575 2790; x_wconf 90' lang='lat' dir='ltr'>cum</span> <span class='ocrx_word' id='word_1_225' title='bbox 1605 2725 1686 2790; x_wconf 89' lang='lat' dir='ltr'>ad</span> <span class='ocrx_word' id='word_1_226' title='bbox 1714 2725 1929 2790; x_wconf 89' lang='lat' dir='ltr'>lacum</span> <span class='ocrx_word' id='word_1_227' title='bbox 1960 2724 2204 2789; x_wconf 87' lang='lat' dir='ltr'>Averni</span> <span class='ocrx_word' id='word_1_228' title='bbox 2232 2728 2420 2808; x_wconf 85' lang='lat' dir='ltr'>esset,</span> 
     </span>
     <span class='ocr_line' id='line_1_30' title="bbox 403 2813 2417 2897; baseline -0 -20"><span class='ocrx_word' id='word_1_229' title='bbox 403 2814 682 2897; x_wconf 90' lang='lat' dir='ltr'>quinque</span> <span class='ocrx_word' id='word_1_230' title='bbox 727 2814 978 2878; x_wconf 90' lang='lat' dir='ltr'>nobiles</span> <span class='ocrx_word' id='word_1_231' title='bbox 1024 2815 1283 2879; x_wconf 84' lang='lat' dir='ltr'>iuvenes</span> <span class='ocrx_word' id='word_1_232' title='bbox 1332 2813 1413 2879; x_wconf 90' lang='lat' dir='ltr'>ab</span> <span class='ocrx_word' id='word_1_233' title='bbox 1461 2813 1743 2878; x_wconf 89' lang='lat' dir='ltr'>Tarento</span> <span class='ocrx_word' id='word_1_234' title='bbox 1791 2817 2129 2895; x_wconf 85' lang='lat' dir='ltr'>venerunt,</span> <span class='ocrx_word' id='word_1_235' title='bbox 2175 2813 2417 2895; x_wconf 87' lang='lat' dir='ltr'>partim</span> 
     </span>
     <span class='ocr_line' id='line_1_31' title="bbox 402 2898 2418 2984; baseline 0 -20"><span class='ocrx_word' id='word_1_236' title='bbox 402 2900 484 2964; x_wconf 91' lang='lat' dir='ltr'>ad</span> <span class='ocrx_word' id='word_1_237' title='bbox 529 2900 1041 2965; x_wconf 83' lang='lat' dir='ltr'>Trasumennum</span> <span class='ocrx_word' id='word_1_238' title='bbox 1094 2902 1309 2965; x_wconf 91' lang='lat' dir='ltr'>lacum</span> <span class='ocrx_word' id='word_1_239' title='bbox 1365 2901 1606 2984; x_wconf 86' lang='lat' dir='ltr'>partim</span> <span class='ocrx_word' id='word_1_240' title='bbox 1661 2900 1742 2965; x_wconf 87' lang='lat' dir='ltr'>ad</span> <span class='ocrx_word' id='word_1_241' title='bbox 1788 2898 2042 2965; x_wconf 87' lang='lat' dir='ltr'>Cannas</span> <span class='ocrx_word' id='word_1_242' title='bbox 2100 2901 2276 2982; x_wconf 85' lang='lat' dir='ltr'>capti</span> <span class='ocrx_word' id='word_1_243' title='bbox 2327 2900 2418 2964; x_wconf 85' lang='lat' dir='ltr'>di-</span> 
     </span>
     <span class='ocr_line' id='line_1_32' title="bbox 402 2987 2420 3073; baseline 0 -22"><span class='ocrx_word' id='word_1_244' title='bbox 402 2987 712 3072; x_wconf 90' lang='lat' dir='ltr'>missique</span> <span class='ocrx_word' id='word_1_245' title='bbox 768 2987 992 3053; x_wconf 88' lang='lat' dir='ltr'>domos</span> <span class='ocrx_word' id='word_1_246' title='bbox 1049 3009 1195 3052; x_wconf 91' lang='lat' dir='ltr'>cum</span> <span class='ocrx_word' id='word_1_247' title='bbox 1251 2989 1477 3054; x_wconf 89' lang='lat' dir='ltr'>eadem</span> <span class='ocrx_word' id='word_1_248' title='bbox 1532 2989 1865 3071; x_wconf 86' lang='lat' dir='ltr'>comitate,</span> <span class='ocrx_word' id='word_1_249' title='bbox 1925 3009 2053 3073; x_wconf 89' lang='lat' dir='ltr'>qua</span> <span class='ocrx_word' id='word_1_250' title='bbox 2108 3009 2262 3052; x_wconf 92' lang='lat' dir='ltr'>usus</span> <span class='ocrx_word' id='word_1_251' title='bbox 2311 2988 2420 3052; x_wconf 88' lang='lat' dir='ltr'>ad-</span> 
     </span>
    </p>

    <p class='ocr_par' dir='ltr' id='par_1_12' title="bbox 328 3075 2424 3514">
     <span class='ocr_line' id='line_1_33' title="bbox 328 3075 2422 3142; baseline 0.003 -8"><span class='ocrx_word' id='word_1_252' title='bbox 328 3086 363 3134; x_wconf 75' lang='lat'>2</span> <span class='ocrx_word' id='word_1_253' title='bbox 405 3097 623 3140; x_wconf 82' lang='lat' dir='ltr'>versus</span> <span class='ocrx_word' id='word_1_254' title='bbox 686 3097 907 3141; x_wconf 89' lang='lat' dir='ltr'>omnes</span> <span class='ocrx_word' id='word_1_255' title='bbox 961 3075 1402 3142; x_wconf 88' lang='lat' dir='ltr'>Romanorum</span> <span class='ocrx_word' id='word_1_256' title='bbox 1461 3077 1670 3142; x_wconf 89' lang='lat' dir='ltr'>socios</span> <span class='ocrx_word' id='word_1_257' title='bbox 1731 3077 1984 3141; x_wconf 92' lang='lat' dir='ltr'>Poenus</span> <span class='ocrx_word' id='word_1_258' title='bbox 2042 3075 2272 3141; x_wconf 87' lang='lat' dir='ltr'>fuerat.</span> <span class='ocrx_word' id='word_1_259' title='bbox 2361 3077 2422 3139; x_wconf 85' lang='lat' dir='ltr'>ei</span> 
     </span>
     <span class='ocr_line' id='line_1_34' title="bbox 405 3164 2422 3249; baseline -0.001 -21"><span class='ocrx_word' id='word_1_260' title='bbox 405 3185 723 3228; x_wconf 89' lang='lat' dir='ltr'>memores</span> <span class='ocrx_word' id='word_1_261' title='bbox 769 3164 1223 3228; x_wconf 91' lang='lat' dir='ltr'>beneficiorum</span> <span class='ocrx_word' id='word_1_262' title='bbox 1260 3166 1397 3229; x_wconf 88' lang='lat' dir='ltr'>eius</span> <span class='ocrx_word' id='word_1_263' title='bbox 1435 3164 1794 3248; x_wconf 89' lang='lat' dir='ltr'>perpulisse</span> <span class='ocrx_word' id='word_1_264' title='bbox 1831 3185 2136 3249; x_wconf 85' lang='lat' dir='ltr'>magnam</span> <span class='ocrx_word' id='word_1_265' title='bbox 2172 3167 2422 3248; x_wconf 89' lang='lat' dir='ltr'>partem</span> 
     </span>
     <span class='ocr_line' id='line_1_35' title="bbox 404 3250 2423 3335; baseline -0.002 -18"><span class='ocrx_word' id='word_1_266' title='bbox 404 3274 473 3317; x_wconf 84' lang='lat' dir='ltr'>se</span> <span class='ocrx_word' id='word_1_267' title='bbox 518 3252 869 3317; x_wconf 84' lang='lat' dir='ltr'>iuventutis</span> <span class='ocrx_word' id='word_1_268' title='bbox 917 3252 1306 3317; x_wconf 87' lang='lat' dir='ltr'>Tarentinae</span> <span class='ocrx_word' id='word_1_269' title='bbox 1357 3254 1674 3335; x_wconf 88' lang='lat' dir='ltr'>referunt,</span> <span class='ocrx_word' id='word_1_270' title='bbox 1720 3256 1796 3316; x_wconf 88' lang='lat' dir='ltr'>ut</span> <span class='ocrx_word' id='word_1_271' title='bbox 1829 3252 2218 3318; x_wconf 89' lang='lat' dir='ltr'>Hannibalis</span> <span class='ocrx_word' id='word_1_272' title='bbox 2267 3250 2423 3315; x_wconf 88' lang='lat' dir='ltr'>ami-</span> 
     </span>
     <span class='ocr_line' id='line_1_36' title="bbox 404 3337 2424 3425; baseline -0.001 -22"><span class='ocrx_word' id='word_1_273' title='bbox 404 3341 627 3404; x_wconf 86' lang='lat' dir='ltr'>citiam</span> <span class='ocrx_word' id='word_1_274' title='bbox 658 3362 731 3405; x_wconf 98' lang='lat' dir='ltr'>ac</span> <span class='ocrx_word' id='word_1_275' title='bbox 761 3341 1134 3406; x_wconf 85' lang='lat' dir='ltr'>societatem</span> <span class='ocrx_word' id='word_1_276' title='bbox 1164 3362 1358 3425; x_wconf 91' lang='lat' dir='ltr'>quam</span> <span class='ocrx_word' id='word_1_277' title='bbox 1386 3337 1608 3423; x_wconf 90' lang='lat' dir='ltr'>populi</span> <span class='ocrx_word' id='word_1_278' title='bbox 1639 3340 1916 3406; x_wconf 88' lang='lat' dir='ltr'>Romani</span> <span class='ocrx_word' id='word_1_279' title='bbox 1944 3342 2230 3419; x_wconf 89' lang='lat' dir='ltr'>mallent,</span> <span class='ocrx_word' id='word_1_280' title='bbox 2256 3338 2424 3421; x_wconf 85' lang='lat' dir='ltr'>lega-</span> 
     </span>
     <span class='ocr_line' id='line_1_37' title="bbox 402 3425 2423 3514; baseline 0 -24"><span class='ocrx_word' id='word_1_281' title='bbox 402 3432 633 3510; x_wconf 90' lang='lat' dir='ltr'>tosque</span> <span class='ocrx_word' id='word_1_282' title='bbox 674 3429 755 3493; x_wconf 90' lang='lat' dir='ltr'>ab</span> <span class='ocrx_word' id='word_1_283' title='bbox 787 3430 922 3493; x_wconf 86' lang='lat' dir='ltr'>suis</span> <span class='ocrx_word' id='word_1_284' title='bbox 951 3429 1183 3494; x_wconf 91' lang='lat' dir='ltr'>missos</span> <span class='ocrx_word' id='word_1_285' title='bbox 1212 3450 1443 3514; x_wconf 85' lang='lat' dir='ltr'>rogare</span> <span class='ocrx_word' id='word_1_286' title='bbox 1471 3427 1935 3510; x_wconf 88' lang='lat' dir='ltr'>Hannibalem,</span> <span class='ocrx_word' id='word_1_287' title='bbox 1973 3431 2047 3491; x_wconf 88' lang='lat' dir='ltr'>ut</span> <span class='ocrx_word' id='word_1_288' title='bbox 2074 3425 2423 3490; x_wconf 83' lang='lat' dir='ltr'>exercitum</span> 
     </span>
    </p>

    <p class='ocr_par' dir='ltr' id='par_1_13' title="bbox 329 3513 2427 3605">
     <span class='ocr_line' id='line_1_38' title="bbox 329 3513 2427 3605; baseline 0.002 -32"><span class='ocrx_word' id='word_1_289' title='bbox 329 3526 367 3573; x_wconf 72' lang='lat'><strong>3</strong></span> <span class='ocrx_word' id='word_1_290' title='bbox 408 3515 669 3601; x_wconf 88' lang='lat' dir='ltr'>propius</span> <span class='ocrx_word' id='word_1_291' title='bbox 718 3516 1074 3584; x_wconf 86' lang='lat' dir='ltr'>Tarentum</span> <span class='ocrx_word' id='word_1_292' title='bbox 1122 3518 1481 3585; x_wconf 84' lang='lat' dir='ltr'>admoveat.</span> <span class='ocrx_word' id='word_1_293' title='bbox 1556 3518 1614 3582; x_wconf 90' lang='lat' dir='ltr'>si</span> <span class='ocrx_word' id='word_1_294' title='bbox 1661 3518 1853 3605; x_wconf 85' lang='lat' dir='ltr'>signa</span> <span class='ocrx_word' id='word_1_295' title='bbox 1899 3515 2064 3600; x_wconf 85' lang='lat' dir='ltr'>eius,</span> <span class='ocrx_word' id='word_1_296' title='bbox 2111 3513 2167 3578; x_wconf 86' lang='lat' dir='ltr'>si</span> <span class='ocrx_word' id='word_1_297' title='bbox 2213 3518 2427 3579; x_wconf 82' lang='lat' dir='ltr'>castra</span> 
     </span>
    </p>
   </div>
   <div class='ocr_carea' id='block_1_3' title="bbox 2543 3287 2565 3674">
    <p class='ocr_par' dir='ltr' id='par_1_14' title="bbox 2543 3225 2567 3674">
     <span class='ocr_line' id='line_1_39' title="bbox 2543 3287 2565 3674; baseline 0 -430"><span class='ocrx_word' id='word_1_298' title='bbox 2543 3287 2565 3674; x_wconf 39' lang='grc' dir='ltr'><strong><em>ἶ</em></strong></span> 
     </span>
    </p>
   </div>
   <div class='ocr_carea' id='block_1_4' title="bbox 2545 3697 2556 3802">
    <p class='ocr_par' dir='ltr' id='par_1_15' title="bbox 2545 3697 2556 3802">
     <span class='ocr_line' id='line_1_40' title="bbox 2545 3697 2556 3802; baseline 0 -18"><span class='ocrx_word' id='word_1_299' title='bbox 2545 3697 2556 3802; x_wconf 56' lang='lat' dir='ltr'>l</span> 
     </span>
    </p>
   </div>
  </div>
 </body>
</html>
