<?xml version="1.0" encoding="UTF-8"?>
<!DOCTYPE html PUBLIC "-//W3C//DTD XHTML 1.0 Transitional//EN"
    "http://www.w3.org/TR/xhtml1/DTD/xhtml1-transitional.dtd">
<html xmlns="http://www.w3.org/1999/xhtml" xml:lang="en" lang="en">
 <head>
  <title>
</title>
<meta http-equiv="Content-Type" content="text/html;charset=utf-8" />
  <meta name='ocr-system' content='tesseract 3.04.00' />
  <meta name='ocr-capabilities' content='ocr_page ocr_carea ocr_par ocr_line ocrx_word'/>
</head>
<body>
  <div class='ocr_page' id='page_1' title='image "./aburbeconditali16livygoog_0133.png"; bbox 0 0 2654 3913; ppageno 0'>
   <div class='ocr_carea' id='block_1_1' title="bbox 646 211 2265 285">
    <p class='ocr_par' dir='ltr' id='par_1_1' title="bbox 646 211 2265 285">
     <span class='ocr_line' id='line_1_1' title="bbox 646 211 2265 285; baseline 0.011 -21"><span class='ocrx_word' id='word_1_1' title='bbox 646 211 861 265; x_wconf 82' lang='lat' dir='ltr'><strong>LIBER</strong></span> <span class='ocrx_word' id='word_1_2' title='bbox 896 212 1089 267; x_wconf 81' lang='lat' dir='ltr'><strong>XXVI.</strong></span> <span class='ocrx_word' id='word_1_3' title='bbox 1164 212 1315 268; x_wconf 79' lang='lat' dir='ltr'>CAP.</span> <span class='ocrx_word' id='word_1_4' title='bbox 1359 219 1441 267; x_wconf 85' lang='lat'>12.</span> <span class='ocrx_word' id='word_1_5' title='bbox 1519 214 1593 283; x_wconf 82' lang='lat' dir='ltr'>[a.</span> <span class='ocrx_word' id='word_1_6' title='bbox 1634 214 1690 268; x_wconf 85' lang='lat' dir='ltr'>c.</span> <span class='ocrx_word' id='word_1_7' title='bbox 1729 216 1859 285; x_wconf 80' lang='lat'>211]</span> <span class='ocrx_word' id='word_1_8' title='bbox 2137 217 2265 282; x_wconf 81' lang='lat'>125</span> 
     </span>
    </p>
   </div>
   <div class='ocr_carea' id='block_1_2' title="bbox 165 352 2456 3606">
    <p class='ocr_par' dir='ltr' id='par_1_2' title="bbox 250 352 2336 529">
     <span class='ocr_line' id='line_1_2' title="bbox 251 352 2336 440; baseline -0.001 -19"><span class='ocrx_word' id='word_1_9' title='bbox 251 352 513 439; x_wconf 81' lang='lat' dir='ltr'><strong>Capuae</strong></span> <span class='ocrx_word' id='word_1_10' title='bbox 557 356 933 421; x_wconf 75' lang='lat' dir='ltr'>retinendae</span> <span class='ocrx_word' id='word_1_11' title='bbox 979 354 1379 439; x_wconf 77' lang='lat' dir='ltr'>deploratam</span> <span class='ocrx_word' id='word_1_12' title='bbox 1425 356 1595 440; x_wconf 91' lang='lat' dir='ltr'>apud</span> <span class='ocrx_word' id='word_1_13' title='bbox 1640 355 1891 422; x_wconf 92' lang='lat' dir='ltr'>Poenos</span> <span class='ocrx_word' id='word_1_14' title='bbox 1938 378 2096 423; x_wconf 91' lang='lat' dir='ltr'>esse.</span> <span class='ocrx_word' id='word_1_15' title='bbox 2168 380 2266 424; x_wconf 90' lang='lat' dir='ltr'>ac·</span> <span class='ocrx_word' id='word_1_16' title='bbox 2304 373 2336 419; x_wconf 89' lang='lat'>5</span> 
     </span>
     <span class='ocr_line' id='line_1_3' title="bbox 250 443 2302 529; baseline 0.002 -21"><span class='ocrx_word' id='word_1_17' title='bbox 250 444 450 508; x_wconf 90' lang='lat' dir='ltr'>cessit</span> <span class='ocrx_word' id='word_1_18' title='bbox 493 443 771 508; x_wconf 87' lang='lat' dir='ltr'>edictum</span> <span class='ocrx_word' id='word_1_19' title='bbox 814 444 1222 528; x_wconf 82' lang='lat' dir='ltr'>proconsulis</span> <span class='ocrx_word' id='word_1_20' title='bbox 1269 466 1350 508; x_wconf 83' lang='lat' dir='ltr'>ex</span> <span class='ocrx_word' id='word_1_21' title='bbox 1395 448 1658 510; x_wconf 89' lang='lat' dir='ltr'>senatus</span> <span class='ocrx_word' id='word_1_22' title='bbox 1703 444 1998 510; x_wconf 92' lang='lat' dir='ltr'>consulto</span> <span class='ocrx_word' id='word_1_23' title='bbox 2035 466 2302 529; x_wconf 50' lang='lat' dir='ltr'>propo-2e</span> 
     </span>
    </p>

    <p class='ocr_par' dir='ltr' id='par_1_3' title="bbox 165 531 2456 3606">
     <span class='ocr_line' id='line_1_4' title="bbox 165 531 2268 616; baseline 0.002 -24"><span class='ocrx_word' id='word_1_24' title='bbox 165 587 171 592; x_wconf 85' lang='lat'>.</span> <span class='ocrx_word' id='word_1_25' title='bbox 252 531 449 596; x_wconf 88' lang='lat' dir='ltr'>situm</span> <span class='ocrx_word' id='word_1_26' title='bbox 487 532 956 616; x_wconf 85' lang='lat' dir='ltr'>vulgatumque</span> <span class='ocrx_word' id='word_1_27' title='bbox 994 531 1162 615; x_wconf 87' lang='lat' dir='ltr'>apud</span> <span class='ocrx_word' id='word_1_28' title='bbox 1197 531 1437 616; x_wconf 86' lang='lat' dir='ltr'>hostis,</span> <span class='ocrx_word' id='word_1_29' title='bbox 1478 535 1548 596; x_wconf 88' lang='lat' dir='ltr'>ut</span> <span class='ocrx_word' id='word_1_30' title='bbox 1576 533 1687 616; x_wconf 90' lang='lat' dir='ltr'>qui</span> <span class='ocrx_word' id='word_1_31' title='bbox 1714 533 1873 597; x_wconf 84' lang='lat' dir='ltr'>civis</span> <span class='ocrx_word' id='word_1_32' title='bbox 1902 531 2268 616; x_wconf 72' lang='lat' dir='ltr'>Campanus</span> 
     </span>
     <span class='ocr_line' id='line_1_5' title="bbox 253 620 2338 703; baseline 0 -21"><span class='ocrx_word' id='word_1_33' title='bbox 253 624 403 696; x_wconf 77' lang='lat' dir='ltr'>ante</span> <span class='ocrx_word' id='word_1_34' title='bbox 450 623 695 684; x_wconf 85' lang='lat' dir='ltr'>certam</span> <span class='ocrx_word' id='word_1_35' title='bbox 749 620 922 684; x_wconf 91' lang='lat' dir='ltr'>diem</span> <span class='ocrx_word' id='word_1_36' title='bbox 977 620 1347 703; x_wconf 72' lang='lat' dir='ltr'>transisset,</span> <span class='ocrx_word' id='word_1_37' title='bbox 1402 620 1540 684; x_wconf 92' lang='lat' dir='ltr'>sine</span> <span class='ocrx_word' id='word_1_38' title='bbox 1593 620 1819 685; x_wconf 89' lang='lat' dir='ltr'>fraude</span> <span class='ocrx_word' id='word_1_39' title='bbox 1874 624 2058 686; x_wconf 88' lang='lat' dir='ltr'>esset.</span> <span class='ocrx_word' id='word_1_40' title='bbox 2147 642 2267 685; x_wconf 89' lang='lat' dir='ltr'>nec</span> <span class='ocrx_word' id='word_1_41' title='bbox 2306 635 2338 682; x_wconf 83' lang='grc'><strong>6</strong></span> 
     </span>
     <span class='ocr_line' id='line_1_6' title="bbox 251 706 2348 793; baseline 0.002 -23"><span class='ocrx_word' id='word_1_42' title='bbox 251 707 383 771; x_wconf 89' lang='lat' dir='ltr'>ulla</span> <span class='ocrx_word' id='word_1_43' title='bbox 416 706 593 771; x_wconf 86' lang='lat' dir='ltr'>facta</span> <span class='ocrx_word' id='word_1_44' title='bbox 630 711 734 772; x_wconf 91' lang='lat' dir='ltr'>est</span> <span class='ocrx_word' id='word_1_45' title='bbox 767 707 1070 772; x_wconf 89' lang='lat' dir='ltr'>transitio</span> <span class='ocrx_word' id='word_1_46' title='bbox 1106 712 1284 772; x_wconf 92' lang='lat' dir='ltr'>metu</span> <span class='ocrx_word' id='word_1_47' title='bbox 1329 708 1543 793; x_wconf 89' lang='lat' dir='ltr'>magis</span> <span class='ocrx_word' id='word_1_48' title='bbox 1580 729 1690 773; x_wconf 91' lang='lat' dir='ltr'>eos</span> <span class='ocrx_word' id='word_1_49' title='bbox 1729 730 1923 791; x_wconf 93' lang='lat' dir='ltr'>quam</span> <span class='ocrx_word' id='word_1_50' title='bbox 1958 708 2083 773; x_wconf 89' lang='lat' dir='ltr'>fide</span> <span class='ocrx_word' id='word_1_51' title='bbox 2121 730 2268 774; x_wconf 90' lang='lat' dir='ltr'>con·</span> <span class='ocrx_word' id='word_1_52' title='bbox 2317 745 2348 752; x_wconf 80' lang='lat'>—-</span> 
     </span>
     <span class='ocr_line' id='line_1_7' title="bbox 250 795 2269 881; baseline 0.001 -23"><span class='ocrx_word' id='word_1_53' title='bbox 250 796 523 878; x_wconf 87' lang='lat' dir='ltr'>tinente,</span> <span class='ocrx_word' id='word_1_54' title='bbox 578 795 733 879; x_wconf 90' lang='lat' dir='ltr'>quia</span> <span class='ocrx_word' id='word_1_55' title='bbox 784 796 1032 860; x_wconf 91' lang='lat' dir='ltr'>maiora</span> <span class='ocrx_word' id='word_1_56' title='bbox 1077 795 1146 860; x_wconf 93' lang='lat' dir='ltr'>in</span> <span class='ocrx_word' id='word_1_57' title='bbox 1192 795 1549 860; x_wconf 89' lang='lat' dir='ltr'>defectione</span> <span class='ocrx_word' id='word_1_58' title='bbox 1595 796 2024 881; x_wconf 85' lang='lat' dir='ltr'>deliquerant,</span> <span class='ocrx_word' id='word_1_59' title='bbox 2074 818 2269 881; x_wconf 90' lang='lat' dir='ltr'>quam</span> 
     </span>
     <span class='ocr_line' id='line_1_8' title="bbox 251 881 2340 968; baseline -0.002 -20"><span class='ocrx_word' id='word_1_60' title='bbox 251 883 484 967; x_wconf 90' lang='lat' dir='ltr'>quibus</span> <span class='ocrx_word' id='word_1_61' title='bbox 512 883 763 968; x_wconf 83' lang='lat' dir='ltr'>ignosci</span> <span class='ocrx_word' id='word_1_62' title='bbox 799 886 1037 966; x_wconf 90' lang='lat' dir='ltr'>posset.</span> <span class='ocrx_word' id='word_1_63' title='bbox 1111 881 1393 948; x_wconf 87' lang='lat' dir='ltr'>ceterum</span> <span class='ocrx_word' id='word_1_64' title='bbox 1431 905 1621 968; x_wconf 89' lang='lat' dir='ltr'>quem</span> <span class='ocrx_word' id='word_1_65' title='bbox 1660 884 1741 949; x_wconf 90' lang='lat' dir='ltr'>ad</span> <span class='ocrx_word' id='word_1_66' title='bbox 1776 884 2040 949; x_wconf 92' lang='lat' dir='ltr'>modum</span> <span class='ocrx_word' id='word_1_67' title='bbox 2075 905 2266 949; x_wconf 91' lang='lat' dir='ltr'>nemo</span> <span class='ocrx_word' id='word_1_68' title='bbox 2307 897 2340 944; x_wconf 79' lang='lat'>7-</span> 
     </span>
     <span class='ocr_line' id='line_1_9' title="bbox 249 971 2269 1056; baseline 0.001 -22"><span class='ocrx_word' id='word_1_69' title='bbox 249 971 507 1053; x_wconf 81' lang='lat' dir='ltr'>privato</span> <span class='ocrx_word' id='word_1_70' title='bbox 564 971 835 1035; x_wconf 89' lang='lat' dir='ltr'>consilio</span> <span class='ocrx_word' id='word_1_71' title='bbox 891 971 973 1037; x_wconf 91' lang='lat' dir='ltr'>ad</span> <span class='ocrx_word' id='word_1_72' title='bbox 1026 971 1283 1036; x_wconf 87' lang='lat' dir='ltr'>hostem</span> <span class='ocrx_word' id='word_1_73' title='bbox 1338 971 1685 1056; x_wconf 85' lang='lat' dir='ltr'>transibat,</span> <span class='ocrx_word' id='word_1_74' title='bbox 1739 973 1837 1037; x_wconf 88' lang='lat' dir='ltr'>ita</span> <span class='ocrx_word' id='word_1_75' title='bbox 1879 972 2050 1036; x_wconf 84' lang='lat' dir='ltr'>nihil</span> <span class='ocrx_word' id='word_1_76' title='bbox 2101 973 2269 1037; x_wconf 88' lang='lat' dir='ltr'>salu-</span> 
     </span>
     <span class='ocr_line' id='line_1_10' title="bbox 249 1059 2338 1143; baseline -0 -22"><span class='ocrx_word' id='word_1_77' title='bbox 249 1060 392 1123; x_wconf 90' lang='lat' dir='ltr'>tare</span> <span class='ocrx_word' id='word_1_78' title='bbox 428 1059 497 1122; x_wconf 90' lang='lat' dir='ltr'>in</span> <span class='ocrx_word' id='word_1_79' title='bbox 533 1059 813 1124; x_wconf 89' lang='lat' dir='ltr'>medium</span> <span class='ocrx_word' id='word_1_80' title='bbox 855 1060 1329 1125; x_wconf 85' lang='lat' dir='ltr'>consulebatur.</span> <span class='ocrx_word' id='word_1_81' title='bbox 1399 1060 1712 1125; x_wconf 88' lang='lat' dir='ltr'>nobilitas</span> <span class='ocrx_word' id='word_1_82' title='bbox 1756 1082 1894 1124; x_wconf 90' lang='lat' dir='ltr'>rem</span> <span class='ocrx_word' id='word_1_83' title='bbox 1939 1061 2267 1143; x_wconf 82' lang='lat' dir='ltr'>publicam</span> <span class='ocrx_word' id='word_1_84' title='bbox 2306 1072 2338 1120; x_wconf 89' lang='lat'>8</span> 
     </span>
     <span class='ocr_line' id='line_1_11' title="bbox 251 1146 2268 1234; baseline 0.001 -24"><span class='ocrx_word' id='word_1_85' title='bbox 251 1146 669 1212; x_wconf 88' lang='lat' dir='ltr'>deseruerant</span> <span class='ocrx_word' id='word_1_86' title='bbox 711 1168 919 1231; x_wconf 88' lang='lat' dir='ltr'>neque</span> <span class='ocrx_word' id='word_1_87' title='bbox 953 1149 1024 1213; x_wconf 91' lang='lat' dir='ltr'>in</span> <span class='ocrx_word' id='word_1_88' title='bbox 1061 1152 1358 1213; x_wconf 89' lang='lat' dir='ltr'>senatum</span> <span class='ocrx_word' id='word_1_89' title='bbox 1399 1148 1546 1233; x_wconf 83' lang='lat' dir='ltr'>cogi</span> <span class='ocrx_word' id='word_1_90' title='bbox 1580 1152 1913 1231; x_wconf 81' lang='lat' dir='ltr'>poterant3</span> <span class='ocrx_word' id='word_1_91' title='bbox 1959 1148 2028 1213; x_wconf 91' lang='lat' dir='ltr'>in</span> <span class='ocrx_word' id='word_1_92' title='bbox 2064 1149 2268 1234; x_wconf 89' lang='lat' dir='ltr'>magi-</span> 
     </span>
     <span class='ocr_line' id='line_1_12' title="bbox 252 1235 2268 1320; baseline 0.001 -22"><span class='ocrx_word' id='word_1_93' title='bbox 252 1237 464 1299; x_wconf 87' lang='lat' dir='ltr'>stratu</span> <span class='ocrx_word' id='word_1_94' title='bbox 510 1238 674 1319; x_wconf 89' lang='lat' dir='ltr'>erat,</span> <span class='ocrx_word' id='word_1_95' title='bbox 733 1236 847 1320; x_wconf 67' lang='lat' dir='ltr'>qui,</span> <span class='ocrx_word' id='word_1_96' title='bbox 885 1257 1017 1302; x_wconf 89' lang='lat' dir='ltr'>non</span> <span class='ocrx_word' id='word_1_97' title='bbox 1071 1236 1200 1301; x_wconf 90' lang='lat' dir='ltr'>sibi</span> <span class='ocrx_word' id='word_1_98' title='bbox 1243 1236 1557 1300; x_wconf 88' lang='lat' dir='ltr'>honorem</span> <span class='ocrx_word' id='word_1_99' title='bbox 1603 1235 1969 1319; x_wconf 90' lang='lat' dir='ltr'>adiecisset,</span> <span class='ocrx_word' id='word_1_100' title='bbox 2015 1237 2128 1301; x_wconf 91' lang='lat' dir='ltr'>sed</span> <span class='ocrx_word' id='word_1_101' title='bbox 2172 1238 2268 1300; x_wconf 90' lang='lat' dir='ltr'>in-</span> 
     </span>
     <span class='ocr_line' id='line_1_13' title="bbox 252 1322 2269 1407; baseline 0.001 -22"><span class='ocrx_word' id='word_1_102' title='bbox 252 1322 570 1405; x_wconf 85' lang='lat' dir='ltr'>dignitate</span> <span class='ocrx_word' id='word_1_103' title='bbox 627 1344 744 1387; x_wconf 89' lang='lat' dir='ltr'>sua</span> <span class='ocrx_word' id='word_1_104' title='bbox 787 1323 921 1386; x_wconf 83' lang='lat' dir='ltr'>vim</span> <span class='ocrx_word' id='word_1_105' title='bbox 977 1345 1053 1388; x_wconf 88' lang='lat' dir='ltr'>ac</span> <span class='ocrx_word' id='word_1_106' title='bbox 1106 1324 1207 1386; x_wconf 90' lang='lat' dir='ltr'>ius</span> <span class='ocrx_word' id='word_1_107' title='bbox 1262 1322 1703 1407; x_wconf 88' lang='lat' dir='ltr'>magistratui,</span> <span class='ocrx_word' id='word_1_108' title='bbox 1748 1344 1938 1406; x_wconf 91' lang='lat' dir='ltr'>quem</span> <span class='ocrx_word' id='word_1_109' title='bbox 1984 1324 2269 1406; x_wconf 89' lang='lat' dir='ltr'>gerebat,</span> 
     </span>
     <span class='ocr_line' id='line_1_14' title="bbox 253 1409 2338 1493; baseline -0.002 -20"><span class='ocrx_word' id='word_1_110' title='bbox 253 1409 663 1493; x_wconf 82' lang='lat' dir='ltr'>dempsisset3</span> <span class='ocrx_word' id='word_1_111' title='bbox 724 1410 857 1474; x_wconf 90' lang='lat' dir='ltr'>iam</span> <span class='ocrx_word' id='word_1_112' title='bbox 910 1430 992 1474; x_wconf 88' lang='lat' dir='ltr'>ne</span> <span class='ocrx_word' id='word_1_113' title='bbox 1045 1410 1118 1474; x_wconf 89' lang='lat' dir='ltr'>in</span> <span class='ocrx_word' id='word_1_114' title='bbox 1161 1409 1305 1473; x_wconf 87' lang='lat' dir='ltr'>foro</span> <span class='ocrx_word' id='word_1_115' title='bbox 1354 1409 1614 1492; x_wconf 91' lang='lat' dir='ltr'>quidem</span> <span class='ocrx_word' id='word_1_116' title='bbox 1659 1413 1774 1472; x_wconf 89' lang='lat' dir='ltr'>aut</span> <span class='ocrx_word' id='word_1_117' title='bbox 1816 1409 2075 1491; x_wconf 90' lang='lat' dir='ltr'>publico</span> <span class='ocrx_word' id='word_1_118' title='bbox 2122 1409 2265 1474; x_wconf 95' lang='lat' dir='ltr'>loco</span> <span class='ocrx_word' id='word_1_119' title='bbox 2304 1423 2338 1469; x_wconf 81' lang='lat'>9</span> 
     </span>
     <span class='ocr_line' id='line_1_15' title="bbox 250 1496 2267 1580; baseline 0 -20"><span class='ocrx_word' id='word_1_120' title='bbox 250 1496 613 1580; x_wconf 89' lang='lat' dir='ltr'>principum</span> <span class='ocrx_word' id='word_1_121' title='bbox 640 1498 980 1580; x_wconf 88' lang='lat' dir='ltr'>quisquam</span> <span class='ocrx_word' id='word_1_122' title='bbox 1010 1497 1392 1580; x_wconf 87' lang='lat' dir='ltr'>apparebat,</span> <span class='ocrx_word' id='word_1_123' title='bbox 1430 1496 1725 1561; x_wconf 90' lang='lat' dir='ltr'>domibus</span> <span class='ocrx_word' id='word_1_124' title='bbox 1753 1496 1982 1560; x_wconf 87' lang='lat' dir='ltr'>inclusi</span> <span class='ocrx_word' id='word_1_125' title='bbox 2016 1498 2267 1580; x_wconf 86' lang='lat' dir='ltr'>patriae</span> 
     </span>
     <span class='ocr_line' id='line_1_16' title="bbox 253 1583 2373 1671; baseline -0.002 -22"><span class='ocrx_word' id='word_1_126' title='bbox 253 1604 550 1650; x_wconf 89' lang='lat' dir='ltr'>occasum</span> <span class='ocrx_word' id='word_1_127' title='bbox 596 1605 743 1649; x_wconf 91' lang='lat' dir='ltr'>cum</span> <span class='ocrx_word' id='word_1_128' title='bbox 789 1605 907 1649; x_wconf 93' lang='lat' dir='ltr'>suo</span> <span class='ocrx_word' id='word_1_129' title='bbox 954 1585 1152 1648; x_wconf 87' lang='lat' dir='ltr'>exitio</span> <span class='ocrx_word' id='word_1_130' title='bbox 1206 1584 1277 1647; x_wconf 90' lang='lat' dir='ltr'>in</span> <span class='ocrx_word' id='word_1_131' title='bbox 1323 1583 1458 1647; x_wconf 90' lang='lat' dir='ltr'>dies</span> <span class='ocrx_word' id='word_1_132' title='bbox 1507 1584 1957 1671; x_wconf 79' lang='lat' dir='ltr'>expectabant3</span> <span class='ocrx_word' id='word_1_133' title='bbox 2014 1606 2268 1648; x_wconf 91' lang='lat' dir='ltr'>summa</span> <span class='ocrx_word' id='word_1_134' title='bbox 2307 1597 2373 1645; x_wconf 93' lang='lat'>10</span> 
     </span>
     <span class='ocr_line' id='line_1_17' title="bbox 253 1670 2268 1756; baseline -0.001 -17"><span class='ocrx_word' id='word_1_135' title='bbox 253 1693 444 1739; x_wconf 87' lang='lat' dir='ltr'>curae</span> <span class='ocrx_word' id='word_1_136' title='bbox 505 1673 716 1737; x_wconf 90' lang='lat' dir='ltr'>omnis</span> <span class='ocrx_word' id='word_1_137' title='bbox 774 1672 846 1737; x_wconf 90' lang='lat' dir='ltr'>in</span> <span class='ocrx_word' id='word_1_138' title='bbox 906 1671 1248 1738; x_wconf 90' lang='lat' dir='ltr'>Bostarem</span> <span class='ocrx_word' id='word_1_139' title='bbox 1305 1670 1849 1756; x_wconf 90' lang='lat' dir='ltr'>Hannonemque,</span> <span class='ocrx_word' id='word_1_140' title='bbox 1907 1672 2268 1756; x_wconf 89' lang='lat' dir='ltr'>praefectos</span> 
     </span>
     <span class='ocr_line' id='line_1_18' title="bbox 250 1760 2268 1845; baseline 0.001 -21"><span class='ocrx_word' id='word_1_141' title='bbox 250 1761 555 1845; x_wconf 86' lang='lat' dir='ltr'>praesidii</span> <span class='ocrx_word' id='word_1_142' title='bbox 597 1760 849 1845; x_wconf 90' lang='lat' dir='ltr'>Punici,</span> <span class='ocrx_word' id='word_1_143' title='bbox 902 1782 1090 1826; x_wconf 82' lang='lat' dir='ltr'>versa</span> <span class='ocrx_word' id='word_1_144' title='bbox 1135 1764 1300 1843; x_wconf 89' lang='lat' dir='ltr'>erat,</span> <span class='ocrx_word' id='word_1_145' title='bbox 1359 1782 1505 1844; x_wconf 89' lang='lat' dir='ltr'>suo,</span> <span class='ocrx_word' id='word_1_146' title='bbox 1561 1782 1693 1826; x_wconf 92' lang='lat' dir='ltr'>non</span> <span class='ocrx_word' id='word_1_147' title='bbox 1739 1760 2059 1826; x_wconf 89' lang='lat' dir='ltr'>sociorum</span> <span class='ocrx_word' id='word_1_148' title='bbox 2104 1761 2268 1844; x_wconf 90' lang='lat' dir='ltr'>peri-</span> 
     </span>
     <span class='ocr_line' id='line_1_19' title="bbox 252 1847 2364 1934; baseline -0.002 -22"><span class='ocrx_word' id='word_1_149' title='bbox 252 1849 397 1915; x_wconf 92' lang='lat' dir='ltr'>culo</span> <span class='ocrx_word' id='word_1_150' title='bbox 451 1849 785 1915; x_wconf 91' lang='lat' dir='ltr'>sollicitos.</span> <span class='ocrx_word' id='word_1_151' title='bbox 873 1850 924 1913; x_wconf 91' lang='lat' dir='ltr'>ii</span> <span class='ocrx_word' id='word_1_152' title='bbox 978 1849 1361 1934; x_wconf 87' lang='lat' dir='ltr'>conscriptis</span> <span class='ocrx_word' id='word_1_153' title='bbox 1417 1849 1497 1914; x_wconf 90' lang='lat' dir='ltr'>ad</span> <span class='ocrx_word' id='word_1_154' title='bbox 1542 1847 1975 1914; x_wconf 88' lang='lat' dir='ltr'>Hannibalem</span> <span class='ocrx_word' id='word_1_155' title='bbox 2030 1849 2267 1914; x_wconf 88' lang='lat' dir='ltr'>litteris</span> <span class='ocrx_word' id='word_1_156' title='bbox 2309 1862 2364 1909; x_wconf 85' lang='lat'>11</span> 
     </span>
     <span class='ocr_line' id='line_1_20' title="bbox 250 1934 2268 2022; baseline 0 -20"><span class='ocrx_word' id='word_1_157' title='bbox 250 1959 382 2002; x_wconf 90' lang='lat' dir='ltr'>non</span> <span class='ocrx_word' id='word_1_158' title='bbox 417 1937 623 2003; x_wconf 90' lang='lat' dir='ltr'>libere</span> <span class='ocrx_word' id='word_1_159' title='bbox 649 1937 842 2003; x_wconf 89' lang='lat' dir='ltr'>modo</span> <span class='ocrx_word' id='word_1_160' title='bbox 882 1937 993 2003; x_wconf 92' lang='lat' dir='ltr'>sed</span> <span class='ocrx_word' id='word_1_161' title='bbox 1029 1938 1228 2003; x_wconf 90' lang='lat' dir='ltr'>etiam</span> <span class='ocrx_word' id='word_1_162' title='bbox 1256 1958 1508 2022; x_wconf 91' lang='lat' dir='ltr'>aspere,</span> <span class='ocrx_word' id='word_1_163' title='bbox 1546 1937 1779 2021; x_wconf 89' lang='lat' dir='ltr'>quibus</span> <span class='ocrx_word' id='word_1_164' title='bbox 1816 1959 1949 2002; x_wconf 91' lang='lat' dir='ltr'>non</span> <span class='ocrx_word' id='word_1_165' title='bbox 1978 1934 2268 2020; x_wconf 84' lang='lat' dir='ltr'>Capuam</span> 
     </span>
     <span class='ocr_line' id='line_1_21' title="bbox 253 2024 2272 2108; baseline 0 -18"><span class='ocrx_word' id='word_1_166' title='bbox 253 2027 461 2090; x_wconf 91' lang='lat' dir='ltr'>solam</span> <span class='ocrx_word' id='word_1_167' title='bbox 505 2025 814 2090; x_wconf 89' lang='lat' dir='ltr'>traditam</span> <span class='ocrx_word' id='word_1_168' title='bbox 856 2024 928 2089; x_wconf 91' lang='lat' dir='ltr'>in</span> <span class='ocrx_word' id='word_1_169' title='bbox 971 2046 1235 2089; x_wconf 89' lang='lat' dir='ltr'>manum</span> <span class='ocrx_word' id='word_1_170' title='bbox 1271 2025 1596 2105; x_wconf 89' lang='lat' dir='ltr'>hostibus,</span> <span class='ocrx_word' id='word_1_171' title='bbox 1644 2025 1752 2088; x_wconf 92' lang='lat' dir='ltr'>sed</span> <span class='ocrx_word' id='word_1_172' title='bbox 1801 2045 1870 2088; x_wconf 90' lang='lat' dir='ltr'>se</span> <span class='ocrx_word' id='word_1_173' title='bbox 1915 2046 2168 2108; x_wconf 92' lang='lat' dir='ltr'>quoque</span> <span class='ocrx_word' id='word_1_174' title='bbox 2212 2031 2272 2090; x_wconf 77' lang='lat' dir='ltr'>et</span> 
     </span>
     <span class='ocr_line' id='line_1_22' title="bbox 253 2111 2456 2196; baseline -0.003 -19"><span class='ocrx_word' id='word_1_175' title='bbox 253 2111 642 2195; x_wconf 89' lang='lat' dir='ltr'>praesidium</span> <span class='ocrx_word' id='word_1_176' title='bbox 680 2113 750 2175; x_wconf 91' lang='lat' dir='ltr'>in</span> <span class='ocrx_word' id='word_1_177' title='bbox 779 2112 986 2176; x_wconf 91' lang='lat' dir='ltr'>omnis</span> <span class='ocrx_word' id='word_1_178' title='bbox 1024 2112 1346 2176; x_wconf 90' lang='lat' dir='ltr'>cruciatus</span> <span class='ocrx_word' id='word_1_179' title='bbox 1382 2112 1674 2196; x_wconf 90' lang='lat' dir='ltr'>proditos</span> <span class='ocrx_word' id='word_1_180' title='bbox 1711 2112 2121 2176; x_wconf 83' lang='lat' dir='ltr'>incusabant:</span> <span class='ocrx_word' id='word_1_181' title='bbox 2159 2112 2276 2177; x_wconf 73' lang='lat' dir='ltr'>ab-,</span> <span class='ocrx_word' id='word_1_182' title='bbox 2309 2124 2374 2174; x_wconf 82' lang='lat'>12</span> <span class='ocrx_word' id='word_1_183' title='bbox 2435 2166 2456 2171; x_wconf 18' lang='lat' dir='ltr'>‚ff</span> 
     </span>
     <span class='ocr_line' id='line_1_23' title="bbox 251 2197 2270 2285; baseline -0 -20"><span class='ocrx_word' id='word_1_184' title='bbox 251 2201 383 2266; x_wconf 91' lang='lat' dir='ltr'>isse</span> <span class='ocrx_word' id='word_1_185' title='bbox 430 2222 576 2265; x_wconf 92' lang='lat' dir='ltr'>eum</span> <span class='ocrx_word' id='word_1_186' title='bbox 620 2200 690 2264; x_wconf 90' lang='lat' dir='ltr'>in</span> <span class='ocrx_word' id='word_1_187' title='bbox 724 2198 1017 2264; x_wconf 88' lang='lat' dir='ltr'>Bruttios</span> <span class='ocrx_word' id='word_1_188' title='bbox 1064 2200 1243 2264; x_wconf 82' lang='lat' dir='ltr'>velut</span> <span class='ocrx_word' id='word_1_189' title='bbox 1279 2202 1679 2265; x_wconf 84' lang='lat' dir='ltr'>avertentem</span> <span class='ocrx_word' id='word_1_190' title='bbox 1717 2219 1882 2284; x_wconf 91' lang='lat' dir='ltr'>sese,</span> <span class='ocrx_word' id='word_1_191' title='bbox 1926 2221 2009 2265; x_wconf 90' lang='lat' dir='ltr'>ne</span> <span class='ocrx_word' id='word_1_192' title='bbox 2047 2197 2270 2285; x_wconf 84' lang='lat' dir='ltr'>Capua</span> 
     </span>
     <span class='ocr_line' id='line_1_24' title="bbox 251 2287 2269 2374; baseline 0 -21"><span class='ocrx_word' id='word_1_193' title='bbox 251 2289 323 2353; x_wconf 90' lang='lat' dir='ltr'>in</span> <span class='ocrx_word' id='word_1_194' title='bbox 369 2289 574 2355; x_wconf 91' lang='lat' dir='ltr'>oculis</span> <span class='ocrx_word' id='word_1_195' title='bbox 620 2289 759 2355; x_wconf 91' lang='lat' dir='ltr'>eius</span> <span class='ocrx_word' id='word_1_196' title='bbox 807 2291 1169 2372; x_wconf 85' lang='lat' dir='ltr'>caperetur3</span> <span class='ocrx_word' id='word_1_197' title='bbox 1226 2292 1297 2353; x_wconf 90' lang='lat' dir='ltr'>at</span> <span class='ocrx_word' id='word_1_198' title='bbox 1350 2288 1610 2354; x_wconf 91' lang='lat' dir='ltr'>hercule</span> <span class='ocrx_word' id='word_1_199' title='bbox 1656 2287 1984 2354; x_wconf 86' lang='lat' dir='ltr'>Romanos</span> <span class='ocrx_word' id='word_1_200' title='bbox 2029 2311 2111 2353; x_wconf 90' lang='lat' dir='ltr'>ne</span> <span class='ocrx_word' id='word_1_201' title='bbox 2159 2310 2269 2374; x_wconf 92' lang='lat' dir='ltr'>op·</span> 
     </span>
     <span class='ocr_line' id='line_1_25' title="bbox 251 2374 2268 2463; baseline 0 -22"><span class='ocrx_word' id='word_1_202' title='bbox 251 2378 650 2462; x_wconf 88' lang='lat' dir='ltr'>pugnatione</span> <span class='ocrx_word' id='word_1_203' title='bbox 695 2377 955 2461; x_wconf 89' lang='lat' dir='ltr'>quidem</span> <span class='ocrx_word' id='word_1_204' title='bbox 1008 2377 1190 2442; x_wconf 92' lang='lat' dir='ltr'>urbis</span> <span class='ocrx_word' id='word_1_205' title='bbox 1234 2375 1570 2442; x_wconf 86' lang='lat' dir='ltr'>Romanae</span> <span class='ocrx_word' id='word_1_206' title='bbox 1616 2376 1913 2443; x_wconf 90' lang='lat' dir='ltr'>abstrahi</span> <span class='ocrx_word' id='word_1_207' title='bbox 1959 2400 1998 2442; x_wconf 86' lang='lat' dir='ltr'>a</span> <span class='ocrx_word' id='word_1_208' title='bbox 2045 2374 2268 2463; x_wconf 84' lang='lat' dir='ltr'>Capua</span> 
     </span>
     <span class='ocr_line' id='line_1_26' title="bbox 255 2465 2373 2548; baseline -0.002 -18"><span class='ocrx_word' id='word_1_209' title='bbox 255 2465 604 2530; x_wconf 89' lang='lat' dir='ltr'>obsidenda</span> <span class='ocrx_word' id='word_1_210' title='bbox 647 2466 962 2548; x_wconf 89' lang='lat' dir='ltr'>potuisse:</span> <span class='ocrx_word' id='word_1_211' title='bbox 1008 2468 1194 2530; x_wconf 90' lang='lat' dir='ltr'>tanto</span> <span class='ocrx_word' id='word_1_212' title='bbox 1233 2466 1741 2531; x_wconf 88' lang='lat' dir='ltr'>constantiorem</span> <span class='ocrx_word' id='word_1_213' title='bbox 1778 2466 2110 2530; x_wconf 89' lang='lat' dir='ltr'>inimicum</span> <span class='ocrx_word' id='word_1_214' title='bbox 2142 2465 2268 2531; x_wconf 87' lang='lat' dir='ltr'>Ro·</span> <span class='ocrx_word' id='word_1_215' title='bbox 2310 2479 2373 2526; x_wconf 88' lang='lat'>13</span> 
     </span>
     <span class='ocr_line' id='line_1_27' title="bbox 255 2551 2269 2635; baseline 0.001 -20"><span class='ocrx_word' id='word_1_216' title='bbox 255 2573 517 2615; x_wconf 92' lang='lat' dir='ltr'>manum</span> <span class='ocrx_word' id='word_1_217' title='bbox 547 2573 741 2634; x_wconf 93' lang='lat' dir='ltr'>quam</span> <span class='ocrx_word' id='word_1_218' title='bbox 780 2553 1058 2617; x_wconf 88' lang='lat' dir='ltr'>amicum</span> <span class='ocrx_word' id='word_1_219' title='bbox 1084 2553 1374 2617; x_wconf 91' lang='lat' dir='ltr'>Poenum</span> <span class='ocrx_word' id='word_1_220' title='bbox 1411 2574 1570 2617; x_wconf 85' lang='lat' dir='ltr'>esse.</span> <span class='ocrx_word' id='word_1_221' title='bbox 1638 2554 1695 2617; x_wconf 90' lang='lat' dir='ltr'>si</span> <span class='ocrx_word' id='word_1_222' title='bbox 1730 2554 1953 2617; x_wconf 87' lang='lat' dir='ltr'>redeat</span> <span class='ocrx_word' id='word_1_223' title='bbox 1980 2551 2269 2635; x_wconf 88' lang='lat' dir='ltr'>Capuam</span> 
     </span>
     <span class='ocr_line' id='line_1_28' title="bbox 254 2638 2269 2723; baseline 0 -19"><span class='ocrx_word' id='word_1_224' title='bbox 254 2640 625 2723; x_wconf 88' lang='lat' dir='ltr'>bellumque</span> <span class='ocrx_word' id='word_1_225' title='bbox 665 2659 856 2703; x_wconf 88' lang='lat' dir='ltr'>omne</span> <span class='ocrx_word' id='word_1_226' title='bbox 893 2660 971 2704; x_wconf 91' lang='lat' dir='ltr'>eo</span> <span class='ocrx_word' id='word_1_227' title='bbox 1006 2643 1247 2721; x_wconf 78' lang='lat' dir='ltr'>vertat,</span> <span class='ocrx_word' id='word_1_228' title='bbox 1292 2643 1360 2703; x_wconf 88' lang='lat' dir='ltr'>et</span> <span class='ocrx_word' id='word_1_229' title='bbox 1397 2661 1466 2704; x_wconf 93' lang='lat' dir='ltr'>se</span> <span class='ocrx_word' id='word_1_230' title='bbox 1503 2643 1571 2703; x_wconf 86' lang='lat' dir='ltr'>et</span> <span class='ocrx_word' id='word_1_231' title='bbox 1606 2638 1968 2723; x_wconf 89' lang='lat' dir='ltr'>Campanos</span> <span class='ocrx_word' id='word_1_232' title='bbox 2004 2643 2269 2722; x_wconf 88' lang='lat' dir='ltr'>paratos</span> 
     </span>
     <span class='ocr_line' id='line_1_29' title="bbox 254 2725 2374 2811; baseline -0.002 -19"><span class='ocrx_word' id='word_1_233' title='bbox 254 2726 580 2811; x_wconf 89' lang='lat' dir='ltr'>eruptioni</span> <span class='ocrx_word' id='word_1_234' title='bbox 639 2725 795 2791; x_wconf 87' lang='lat' dir='ltr'>fore.</span> <span class='ocrx_word' id='word_1_235' title='bbox 892 2746 1027 2791; x_wconf 91' lang='lat' dir='ltr'>non</span> <span class='ocrx_word' id='word_1_236' title='bbox 1093 2747 1239 2791; x_wconf 90' lang='lat' dir='ltr'>cum</span> <span class='ocrx_word' id='word_1_237' title='bbox 1292 2726 1564 2811; x_wconf 87' lang='lat' dir='ltr'>Reginis</span> <span class='ocrx_word' id='word_1_238' title='bbox 1626 2747 1834 2810; x_wconf 91' lang='lat' dir='ltr'>neque</span> <span class='ocrx_word' id='word_1_239' title='bbox 1896 2726 2269 2790; x_wconf 86' lang='lat' dir='ltr'>Tarentinis</span> <span class='ocrx_word' id='word_1_240' title='bbox 2310 2741 2374 2787; x_wconf 86' lang='lat'>14</span> 
     </span>
     <span class='ocr_line' id='line_1_30' title="bbox 253 2813 2270 2899; baseline -0 -19"><span class='ocrx_word' id='word_1_241' title='bbox 253 2816 499 2880; x_wconf 92' lang='lat' dir='ltr'>bellum</span> <span class='ocrx_word' id='word_1_242' title='bbox 535 2819 836 2899; x_wconf 90' lang='lat' dir='ltr'>gesturos</span> <span class='ocrx_word' id='word_1_243' title='bbox 871 2814 1186 2879; x_wconf 90' lang='lat' dir='ltr'>transisse</span> <span class='ocrx_word' id='word_1_244' title='bbox 1214 2813 1431 2899; x_wconf 85' lang='lat' dir='ltr'>Alpis3</span> <span class='ocrx_word' id='word_1_245' title='bbox 1468 2814 1580 2878; x_wconf 91' lang='lat' dir='ltr'>ubi</span> <span class='ocrx_word' id='word_1_246' title='bbox 1606 2813 1941 2879; x_wconf 87' lang='lat' dir='ltr'>Romanae</span> <span class='ocrx_word' id='word_1_247' title='bbox 1979 2814 2270 2897; x_wconf 90' lang='lat' dir='ltr'>legiones</span> 
     </span>
     <span class='ocr_line' id='line_1_31' title="bbox 254 2900 2271 2987; baseline -0.001 -19"><span class='ocrx_word' id='word_1_248' title='bbox 254 2903 412 2987; x_wconf 87' lang='lat' dir='ltr'>sint,</span> <span class='ocrx_word' id='word_1_249' title='bbox 448 2903 543 2967; x_wconf 92' lang='lat' dir='ltr'>ibi</span> <span class='ocrx_word' id='word_1_250' title='bbox 580 2905 646 2967; x_wconf 92' lang='lat' dir='ltr'>et</span> <span class='ocrx_word' id='word_1_251' title='bbox 672 2900 1305 2987; x_wconf 89' lang='lat' dir='ltr'>Carthaginiensium</span> <span class='ocrx_word' id='word_1_252' title='bbox 1335 2903 1649 2968; x_wconf 83' lang='lat' dir='ltr'>exercitus</span> <span class='ocrx_word' id='word_1_253' title='bbox 1687 2903 1919 2967; x_wconf 89' lang='lat' dir='ltr'>debere</span> <span class='ocrx_word' id='word_1_254' title='bbox 1956 2923 2112 2969; x_wconf 88' lang='lat' dir='ltr'>esse.</span> <span class='ocrx_word' id='word_1_255' title='bbox 2179 2902 2271 2966; x_wconf 92' lang='lat' dir='ltr'>sic</span> 
     </span>
     <span class='ocr_line' id='line_1_32' title="bbox 255 2987 2270 3075; baseline -0 -20"><span class='ocrx_word' id='word_1_256' title='bbox 255 2991 338 3055; x_wconf 90' lang='lat' dir='ltr'>ad</span> <span class='ocrx_word' id='word_1_257' title='bbox 392 2987 674 3075; x_wconf 89' lang='lat' dir='ltr'>Cannas,</span> <span class='ocrx_word' id='word_1_258' title='bbox 734 2990 828 3056; x_wconf 91' lang='lat' dir='ltr'>sic</span> <span class='ocrx_word' id='word_1_259' title='bbox 892 2991 972 3055; x_wconf 91' lang='lat' dir='ltr'>ad</span> <span class='ocrx_word' id='word_1_260' title='bbox 1026 2990 1538 3056; x_wconf 85' lang='lat' dir='ltr'>Trasumennum</span> <span class='ocrx_word' id='word_1_261' title='bbox 1601 3012 1738 3056; x_wconf 88' lang='lat' dir='ltr'>rem</span> <span class='ocrx_word' id='word_1_262' title='bbox 1793 2991 1955 3065; x_wconf 87' lang='lat' dir='ltr'>bene</span> <span class='ocrx_word' id='word_1_263' title='bbox 2019 2993 2270 3075; x_wconf 90' lang='lat' dir='ltr'>gestam</span> 
     </span>
     <span class='ocr_line' id='line_1_33' title="bbox 255 3078 2270 3165; baseline 0 -22"><span class='ocrx_word' id='word_1_264' title='bbox 255 3078 539 3144; x_wconf 91' lang='lat' dir='ltr'>coeundo</span> <span class='ocrx_word' id='word_1_265' title='bbox 606 3078 1122 3164; x_wconf 89' lang='lat' dir='ltr'>conferundoque</span> <span class='ocrx_word' id='word_1_266' title='bbox 1187 3100 1331 3144; x_wconf 87' lang='lat' dir='ltr'>cum</span> <span class='ocrx_word' id='word_1_267' title='bbox 1392 3079 1581 3144; x_wconf 91' lang='lat' dir='ltr'>hoste</span> <span class='ocrx_word' id='word_1_268' title='bbox 1637 3084 1877 3165; x_wconf 89' lang='lat' dir='ltr'>castra,</span> <span class='ocrx_word' id='word_1_269' title='bbox 1940 3079 2270 3145; x_wconf 86' lang='lat' dir='ltr'>fortunam</span> 
     </span>
     <span class='ocr_line' id='line_1_34' title="bbox 254 3166 2377 3250; baseline -0.003 -18"><span class='ocrx_word' id='word_1_270' title='bbox 254 3166 651 3250; x_wconf 88' lang='lat' dir='ltr'>temptando.</span> <span class='ocrx_word' id='word_1_271' title='bbox 748 3167 819 3232; x_wconf 90' lang='lat' dir='ltr'>in</span> <span class='ocrx_word' id='word_1_272' title='bbox 870 3167 1038 3232; x_wconf 91' lang='lat' dir='ltr'>hanc</span> <span class='ocrx_word' id='word_1_273' title='bbox 1101 3167 1484 3232; x_wconf 88' lang='lat' dir='ltr'>sententiam</span> <span class='ocrx_word' id='word_1_274' title='bbox 1551 3168 1809 3234; x_wconf 89' lang='lat' dir='ltr'>litterae</span> <span class='ocrx_word' id='word_1_275' title='bbox 1873 3169 2271 3250; x_wconf 89' lang='lat' dir='ltr'>conscriptae</span> <span class='ocrx_word' id='word_1_276' title='bbox 2295 3177 2377 3225; x_wconf 26' lang='lat'>⁷15</span> 
     </span>
     <span class='ocr_line' id='line_1_35' title="bbox 252 3254 2272 3339; baseline -0.001 -20"><span class='ocrx_word' id='word_1_277' title='bbox 252 3254 553 3320; x_wconf 90' lang='lat' dir='ltr'>Numidis</span> <span class='ocrx_word' id='word_1_278' title='bbox 589 3255 926 3338; x_wconf 90' lang='lat' dir='ltr'>proposita</span> <span class='ocrx_word' id='word_1_279' title='bbox 962 3255 1251 3319; x_wconf 92' lang='lat' dir='ltr'>mercede</span> <span class='ocrx_word' id='word_1_280' title='bbox 1289 3278 1433 3320; x_wconf 91' lang='lat' dir='ltr'>eam</span> <span class='ocrx_word' id='word_1_281' title='bbox 1472 3255 1783 3339; x_wconf 88' lang='lat' dir='ltr'>professis</span> <span class='ocrx_word' id='word_1_282' title='bbox 1818 3277 2083 3338; x_wconf 89' lang='lat' dir='ltr'>operam</span> <span class='ocrx_word' id='word_1_283' title='bbox 2122 3254 2272 3317; x_wconf 89' lang='lat' dir='ltr'>dan-</span> 
     </span>
     <span class='ocr_line' id='line_1_36' title="bbox 253 3342 2271 3429; baseline -0.001 -22"><span class='ocrx_word' id='word_1_284' title='bbox 253 3346 380 3408; x_wconf 82' lang='lat' dir='ltr'>tur.</span> <span class='ocrx_word' id='word_1_285' title='bbox 453 3343 500 3406; x_wconf 93' lang='lat' dir='ltr'>ii</span> <span class='ocrx_word' id='word_1_286' title='bbox 537 3343 750 3426; x_wconf 91' lang='lat' dir='ltr'>specie</span> <span class='ocrx_word' id='word_1_287' title='bbox 786 3342 1271 3426; x_wconf 88' lang='lat' dir='ltr'>transfugarum</span> <span class='ocrx_word' id='word_1_288' title='bbox 1309 3365 1456 3429; x_wconf 84' lang='lat' dir='ltr'>cum</span> <span class='ocrx_word' id='word_1_289' title='bbox 1494 3343 1575 3406; x_wconf 86' lang='lat' dir='ltr'>ad</span> <span class='ocrx_word' id='word_1_290' title='bbox 1611 3343 1914 3408; x_wconf 88' lang='lat' dir='ltr'>Flaccum</span> <span class='ocrx_word' id='word_1_291' title='bbox 1949 3342 2020 3406; x_wconf 92' lang='lat' dir='ltr'>in</span> <span class='ocrx_word' id='word_1_292' title='bbox 2057 3345 2271 3405; x_wconf 85' lang='lat' dir='ltr'>castra</span> 
     </span>
     <span class='ocr_line' id='line_1_37' title="bbox 253 3429 2271 3515; baseline -0.001 -19"><span class='ocrx_word' id='word_1_293' title='bbox 253 3431 611 3515; x_wconf 81' lang='lat' dir='ltr'>venissent,</span> <span class='ocrx_word' id='word_1_294' title='bbox 666 3435 740 3496; x_wconf 90' lang='lat' dir='ltr'>ut</span> <span class='ocrx_word' id='word_1_295' title='bbox 792 3431 942 3495; x_wconf 88' lang='lat' dir='ltr'>inde</span> <span class='ocrx_word' id='word_1_296' title='bbox 998 3435 1288 3515; x_wconf 91' lang='lat' dir='ltr'>tempore</span> <span class='ocrx_word' id='word_1_297' title='bbox 1342 3435 1530 3515; x_wconf 91' lang='lat' dir='ltr'>capto</span> <span class='ocrx_word' id='word_1_298' title='bbox 1586 3432 1864 3513; x_wconf 89' lang='lat' dir='ltr'>abirent,</span> <span class='ocrx_word' id='word_1_299' title='bbox 1924 3429 2271 3515; x_wconf 86' lang='lat' dir='ltr'>famesque,</span> 
     </span>
     <span class='ocr_line' id='line_1_38' title="bbox 257 3518 2274 3606; baseline -0 -23"><span class='ocrx_word' id='word_1_300' title='bbox 257 3540 419 3605; x_wconf 75' lang='lat' dir='ltr'>quae</span> <span class='ocrx_word' id='word_1_301' title='bbox 448 3521 579 3586; x_wconf 89' lang='lat' dir='ltr'>iam</span> <span class='ocrx_word' id='word_1_302' title='bbox 609 3520 717 3585; x_wconf 91' lang='lat' dir='ltr'>diu</span> <span class='ocrx_word' id='word_1_303' title='bbox 746 3518 1004 3606; x_wconf 89' lang='lat' dir='ltr'>Capuae</span> <span class='ocrx_word' id='word_1_304' title='bbox 1035 3524 1202 3606; x_wconf 88' lang='lat' dir='ltr'>erat,</span> <span class='ocrx_word' id='word_1_305' title='bbox 1228 3519 1397 3584; x_wconf 91' lang='lat' dir='ltr'>nulli</span> <span class='ocrx_word' id='word_1_306' title='bbox 1421 3540 1553 3585; x_wconf 91' lang='lat' dir='ltr'>non</span> <span class='ocrx_word' id='word_1_307' title='bbox 1577 3519 1984 3605; x_wconf 89' lang='lat' dir='ltr'>probabilem</span> <span class='ocrx_word' id='word_1_308' title='bbox 2012 3539 2274 3584; x_wconf 89' lang='lat' dir='ltr'>causam</span> 
     </span>
    </p>
   </div>
  </div>
 </body>
</html>
