<?xml version="1.0" encoding="UTF-8"?>
<!DOCTYPE html PUBLIC "-//W3C//DTD XHTML 1.0 Transitional//EN"
    "http://www.w3.org/TR/xhtml1/DTD/xhtml1-transitional.dtd">
<html xmlns="http://www.w3.org/1999/xhtml" xml:lang="en" lang="en">
 <head>
  <title>
</title>
<meta http-equiv="Content-Type" content="text/html;charset=utf-8" />
  <meta name='ocr-system' content='tesseract 3.04.00' />
  <meta name='ocr-capabilities' content='ocr_page ocr_carea ocr_par ocr_line ocrx_word'/>
</head>
<body>
  <div class='ocr_page' id='page_1' title='image "./aburbeconditali16livygoog_0023.png"; bbox 0 0 2654 3913; ppageno 0'>
   <div class='ocr_carea' id='block_1_1' title="bbox 572 199 2261 273">
    <p class='ocr_par' dir='ltr' id='par_1_1' title="bbox 572 199 2261 273">
     <span class='ocr_line' id='line_1_1' title="bbox 572 199 2261 273; baseline 0.008 -20"><span class='ocrx_word' id='word_1_1' title='bbox 572 199 789 254; x_wconf 82' lang='lat' dir='ltr'>LIBER</span> <span class='ocrx_word' id='word_1_2' title='bbox 822 199 1019 255; x_wconf 83' lang='lat' dir='ltr'>XXIV.</span> <span class='ocrx_word' id='word_1_3' title='bbox 1094 199 1248 256; x_wconf 81' lang='lat' dir='ltr'>CAP.</span> <span class='ocrx_word' id='word_1_4' title='bbox 1291 207 1374 256; x_wconf 85' lang='lat'><strong>13.</strong></span> <span class='ocrx_word' id='word_1_5' title='bbox 1416 207 1497 255; x_wconf 84' lang='lat'><strong>14.</strong></span> <span class='ocrx_word' id='word_1_6' title='bbox 1575 202 1647 272; x_wconf 81' lang='lat' dir='ltr'><strong>[a.</strong></span> <span class='ocrx_word' id='word_1_7' title='bbox 1689 202 1747 256; x_wconf 89' lang='lat' dir='ltr'><strong>c.</strong></span> <span class='ocrx_word' id='word_1_8' title='bbox 1784 203 1913 273; x_wconf 81' lang='lat'>214]</span> <span class='ocrx_word' id='word_1_9' title='bbox 2178 202 2261 266; x_wconf 87' lang='lat'><strong>15</strong></span> 
     </span>
    </p>
   </div>
   <div class='ocr_carea' id='block_1_2' title="bbox 226 344 2369 2984">
    <p class='ocr_par' dir='ltr' id='par_1_2' title="bbox 226 344 2369 2984">
     <span class='ocr_line' id='line_1_2' title="bbox 226 344 2258 429; baseline 0 -17"><span class='ocrx_word' id='word_1_10' title='bbox 226 348 583 429; x_wconf 86' lang='lat' dir='ltr'><strong>conspecta</strong></span> <span class='ocrx_word' id='word_1_11' title='bbox 638 368 679 409; x_wconf 89' lang='lat' dir='ltr'><strong>a</strong></span> <span class='ocrx_word' id='word_1_12' title='bbox 723 344 1006 409; x_wconf 86' lang='lat' dir='ltr'><strong>Tarento</strong></span> <span class='ocrx_word' id='word_1_13' title='bbox 1063 346 1220 429; x_wconf 88' lang='lat' dir='ltr'><strong>sint,</strong></span> <span class='ocrx_word' id='word_1_14' title='bbox 1275 346 1448 410; x_wconf 90' lang='lat' dir='ltr'><strong>haud</strong></span> <span class='ocrx_word' id='word_1_15' title='bbox 1501 345 1706 409; x_wconf 86' lang='lat' dir='ltr'><strong>ullam</strong></span> <span class='ocrx_word' id='word_1_16' title='bbox 1761 345 2258 412; x_wconf 75' lang='lat' dir='ltr'><strong>intercessuram</strong></span> 
     </span>
     <span class='ocr_line' id='line_1_3' title="bbox 227 432 2261 518; baseline 0 -18"><span class='ocrx_word' id='word_1_17' title='bbox 227 457 515 518; x_wconf 90' lang='lat' dir='ltr'><strong>moram,</strong></span> <span class='ocrx_word' id='word_1_18' title='bbox 563 433 721 516; x_wconf 92' lang='lat' dir='ltr'><strong>quin</strong></span> <span class='ocrx_word' id='word_1_19' title='bbox 755 432 912 497; x_wconf 89' lang='lat' dir='ltr'><strong>urbs</strong></span> <span class='ocrx_word' id='word_1_20' title='bbox 948 433 1019 497; x_wconf 79' lang='lat' dir='ltr'><strong>in</strong></span> <span class='ocrx_word' id='word_1_21' title='bbox 1050 438 1409 516; x_wconf 77' lang='lat' dir='ltr'><strong>potestatem</strong></span> <span class='ocrx_word' id='word_1_22' title='bbox 1443 433 1575 498; x_wconf 80' lang='lat' dir='ltr'><strong>eius</strong></span> <span class='ocrx_word' id='word_1_23' title='bbox 1611 435 1931 498; x_wconf 81' lang='lat' dir='ltr'><strong>tradatur:</strong></span> <span class='ocrx_word' id='word_1_24' title='bbox 1977 435 2045 498; x_wconf 90' lang='lat' dir='ltr'><strong>in</strong></span> <span class='ocrx_word' id='word_1_25' title='bbox 2081 440 2261 518; x_wconf 90' lang='lat' dir='ltr'><strong>pote-</strong></span> 
     </span>
     <span class='ocr_line' id='line_1_4' title="bbox 230 520 2258 605; baseline -0 -17"><span class='ocrx_word' id='word_1_26' title='bbox 230 527 408 588; x_wconf 87' lang='lat' dir='ltr'><strong>state</strong></span> <span class='ocrx_word' id='word_1_27' title='bbox 446 522 772 586; x_wconf 88' lang='lat' dir='ltr'><strong>iuniorum</strong></span> <span class='ocrx_word' id='word_1_28' title='bbox 799 520 1079 604; x_wconf 86' lang='lat' dir='ltr'>plebem,</span> <span class='ocrx_word' id='word_1_29' title='bbox 1115 523 1186 585; x_wconf 91' lang='lat' dir='ltr'><strong>in</strong></span> <span class='ocrx_word' id='word_1_30' title='bbox 1214 543 1411 586; x_wconf 89' lang='lat' dir='ltr'><strong>manu</strong></span> <span class='ocrx_word' id='word_1_31' title='bbox 1438 521 1649 605; x_wconf 89' lang='lat' dir='ltr'><strong>plebis</strong></span> <span class='ocrx_word' id='word_1_32' title='bbox 1675 544 1814 586; x_wconf 91' lang='lat' dir='ltr'><strong>rem</strong></span> <span class='ocrx_word' id='word_1_33' title='bbox 1840 523 2258 588; x_wconf 73' lang='lat' dir='ltr'>Tarentinam</span> 
     </span>
     <span class='ocr_line' id='line_1_5' title="bbox 232 608 2329 694; baseline 0.001 -20"><span class='ocrx_word' id='word_1_34' title='bbox 232 632 397 675; x_wconf 85' lang='lat' dir='ltr'><strong>esse.</strong></span> <span class='ocrx_word' id='word_1_35' title='bbox 458 608 791 674; x_wconf 87' lang='lat' dir='ltr'><strong>Hannibal</strong></span> <span class='ocrx_word' id='word_1_36' title='bbox 821 609 1240 673; x_wconf 78' lang='lat' dir='ltr'><strong>conlaudatos</strong></span> <span class='ocrx_word' id='word_1_37' title='bbox 1270 630 1379 674; x_wconf 90' lang='lat' dir='ltr'><strong>eos</strong></span> <span class='ocrx_word' id='word_1_38' title='bbox 1418 612 1843 694; x_wconf 76' lang='lat' dir='ltr'><strong>oneratosque</strong></span> <span class='ocrx_word' id='word_1_39' title='bbox 1884 611 2258 694; x_wconf 84' lang='lat' dir='ltr'><strong>ingentibus</strong></span> <span class='ocrx_word' id='word_1_40' title='bbox 2295 620 2329 668; x_wconf 82' lang='lat'>4</span> 
     </span>
     <span class='ocr_line' id='line_1_6' title="bbox 228 697 2257 782; baseline 0 -20"><span class='ocrx_word' id='word_1_41' title='bbox 228 697 576 782; x_wconf 86' lang='lat' dir='ltr'><strong>promissis</strong></span> <span class='ocrx_word' id='word_1_42' title='bbox 607 697 869 762; x_wconf 90' lang='lat' dir='ltr'><strong>domum</strong></span> <span class='ocrx_word' id='word_1_43' title='bbox 906 697 986 760; x_wconf 91' lang='lat' dir='ltr'><strong>ad</strong></span> <span class='ocrx_word' id='word_1_44' title='bbox 1019 701 1247 781; x_wconf 87' lang='lat' dir='ltr'><strong>coepta</strong></span> <span class='ocrx_word' id='word_1_45' title='bbox 1282 698 1666 761; x_wconf 89' lang='lat' dir='ltr'><strong>maturanda</strong></span> <span class='ocrx_word' id='word_1_46' title='bbox 1700 699 1909 763; x_wconf 90' lang='lat' dir='ltr'><strong>redire</strong></span> <span class='ocrx_word' id='word_1_47' title='bbox 1937 699 2140 763; x_wconf 88' lang='lat' dir='ltr'><strong>iubet:</strong></span> <span class='ocrx_word' id='word_1_48' title='bbox 2187 721 2257 763; x_wconf 88' lang='lat' dir='ltr'><strong>se</strong></span> 
     </span>
     <span class='ocr_line' id='line_1_7' title="bbox 230 784 2259 869; baseline 0.001 -20"><span class='ocrx_word' id='word_1_49' title='bbox 230 787 306 850; x_wconf 90' lang='lat' dir='ltr'><strong>in</strong></span> <span class='ocrx_word' id='word_1_50' title='bbox 351 790 646 869; x_wconf 87' lang='lat' dir='ltr'><strong>tempore</strong></span> <span class='ocrx_word' id='word_1_51' title='bbox 693 785 1064 849; x_wconf 89' lang='lat' dir='ltr'><strong>adfuturum</strong></span> <span class='ocrx_word' id='word_1_52' title='bbox 1102 806 1259 849; x_wconf 89' lang='lat' dir='ltr'><strong>esse.</strong></span> <span class='ocrx_word' id='word_1_53' title='bbox 1330 784 1456 849; x_wconf 85' lang='lat' dir='ltr'><strong>hac</strong></span> <span class='ocrx_word' id='word_1_54' title='bbox 1500 806 1645 849; x_wconf 92' lang='lat' dir='ltr'><strong>cum</strong></span> <span class='ocrx_word' id='word_1_55' title='bbox 1692 807 1805 868; x_wconf 91' lang='lat' dir='ltr'><strong>spe</strong></span> <span class='ocrx_word' id='word_1_56' title='bbox 1852 786 2102 850; x_wconf 87' lang='lat' dir='ltr'><strong>dimissi</strong></span> <span class='ocrx_word' id='word_1_57' title='bbox 2135 787 2259 851; x_wconf 85' lang='lat' dir='ltr'><strong>Ta-</strong></span> 
     </span>
     <span class='ocr_line' id='line_1_8' title="bbox 231 872 2329 957; baseline 0 -19"><span class='ocrx_word' id='word_1_58' title='bbox 231 874 498 939; x_wconf 87' lang='lat' dir='ltr'><strong>rentini.</strong></span> <span class='ocrx_word' id='word_1_59' title='bbox 543 874 757 956; x_wconf 90' lang='lat' dir='ltr'><strong>ipsum</strong></span> <span class='ocrx_word' id='word_1_60' title='bbox 775 872 1008 956; x_wconf 89' lang='lat' dir='ltr'><strong>ingens</strong></span> <span class='ocrx_word' id='word_1_61' title='bbox 1029 873 1259 956; x_wconf 84' lang='lat' dir='ltr'><strong>cupido</strong></span> <span class='ocrx_word' id='word_1_62' title='bbox 1279 873 1630 937; x_wconf 88' lang='lat' dir='ltr'><strong>incesserat</strong></span> <span class='ocrx_word' id='word_1_63' title='bbox 1651 873 1920 938; x_wconf 86' lang='lat' dir='ltr'><strong>Tarenti</strong></span> <span class='ocrx_word' id='word_1_64' title='bbox 1938 874 2258 957; x_wconf 87' lang='lat' dir='ltr'><strong>potiundi.</strong></span> <span class='ocrx_word' id='word_1_65' title='bbox 2295 883 2329 931; x_wconf 84' lang='lat'><strong>5</strong></span> 
     </span>
     <span class='ocr_line' id='line_1_9' title="bbox 231 960 2258 1046; baseline 0.001 -21"><span class='ocrx_word' id='word_1_66' title='bbox 231 962 469 1025; x_wconf 91' lang='lat' dir='ltr'><strong>urbem</strong></span> <span class='ocrx_word' id='word_1_67' title='bbox 525 982 664 1024; x_wconf 91' lang='lat' dir='ltr'><strong>esse</strong></span> <span class='ocrx_word' id='word_1_68' title='bbox 717 960 980 1025; x_wconf 81' lang='lat' dir='ltr'><strong>videbat</strong></span> <span class='ocrx_word' id='word_1_69' title='bbox 1034 982 1179 1025; x_wconf 93' lang='lat' dir='ltr'><strong>cum</strong></span> <span class='ocrx_word' id='word_1_70' title='bbox 1235 961 1611 1043; x_wconf 90' lang='lat' dir='ltr'><strong>opulentam</strong></span> <span class='ocrx_word' id='word_1_71' title='bbox 1656 962 2072 1046; x_wconf 89' lang='lat' dir='ltr'><strong>nobilemque</strong></span> <span class='ocrx_word' id='word_1_72' title='bbox 2116 967 2258 1027; x_wconf 87' lang='lat' dir='ltr'><strong>tum</strong></span> 
     </span>
     <span class='ocr_line' id='line_1_10' title="bbox 232 1047 2260 1149; baseline 0.001 -36"><span class='ocrx_word' id='word_1_73' title='bbox 232 1048 635 1113; x_wconf 88' lang='lat' dir='ltr'><strong>maritimam</strong></span> <span class='ocrx_word' id='word_1_74' title='bbox 665 1049 777 1112; x_wconf 93' lang='lat' dir='ltr'><strong>et</strong></span> <span class='ocrx_word' id='word_1_75' title='bbox 757 1070 827 1112; x_wconf 89' lang='lat' dir='ltr'><strong>m</strong></span> <span class='ocrx_word' id='word_1_76' title='bbox 852 1047 1294 1114; x_wconf 91' lang='lat' dir='ltr'><strong>Macedoniam</strong></span> <span class='ocrx_word' id='word_1_77' title='bbox 1325 1053 1683 1149; x_wconf 84' lang='lat' dir='ltr'><strong>opportune</strong></span> <span class='ocrx_word' id='word_1_78' title='bbox 1710 1071 1984 1133; x_wconf 85' lang='lat' dir='ltr'><strong>versam,</strong></span> <span class='ocrx_word' id='word_1_79' title='bbox 2011 1071 2260 1135; x_wconf 88' lang='lat' dir='ltr'><strong>regem-</strong></span> 
     </span>
     <span class='ocr_line' id='line_1_11' title="bbox 234 1136 2259 1222; baseline 0.001 -21"><span class='ocrx_word' id='word_1_80' title='bbox 234 1157 364 1221; x_wconf 88' lang='lat' dir='ltr'><strong>que</strong></span> <span class='ocrx_word' id='word_1_81' title='bbox 409 1136 782 1219; x_wconf 88' lang='lat' dir='ltr'><strong>Philippum</strong></span> <span class='ocrx_word' id='word_1_82' title='bbox 828 1137 998 1201; x_wconf 91' lang='lat' dir='ltr'><strong>hunc</strong></span> <span class='ocrx_word' id='word_1_83' title='bbox 1044 1141 1333 1220; x_wconf 87' lang='lat' dir='ltr'><strong>portum,</strong></span> <span class='ocrx_word' id='word_1_84' title='bbox 1388 1137 1446 1200; x_wconf 92' lang='lat' dir='ltr'><strong>si</strong></span> <span class='ocrx_word' id='word_1_85' title='bbox 1496 1138 1806 1202; x_wconf 88' lang='lat' dir='ltr'><strong>transiret</strong></span> <span class='ocrx_word' id='word_1_86' title='bbox 1861 1139 1932 1202; x_wconf 91' lang='lat' dir='ltr'><strong>in</strong></span> <span class='ocrx_word' id='word_1_87' title='bbox 1976 1137 2259 1222; x_wconf 88' lang='lat' dir='ltr'><strong>Italiam,</strong></span> 
     </span>
     <span class='ocr_line' id='line_1_12' title="bbox 232 1221 2328 1308; baseline 0 -18"><span class='ocrx_word' id='word_1_88' title='bbox 232 1225 533 1307; x_wconf 77' lang='lat' dir='ltr'><strong>quoniam</strong></span> <span class='ocrx_word' id='word_1_89' title='bbox 561 1221 977 1289; x_wconf 87' lang='lat' dir='ltr'><strong>Brundisium</strong></span> <span class='ocrx_word' id='word_1_90' title='bbox 996 1224 1276 1290; x_wconf 87' lang='lat' dir='ltr'><strong>Romani</strong></span> <span class='ocrx_word' id='word_1_91' title='bbox 1302 1225 1620 1289; x_wconf 88' lang='lat' dir='ltr'><strong>haberent</strong></span> <span class='ocrx_word' id='word_1_92' title='bbox 1622 1227 2028 1308; x_wconf 72' lang='lat' dir='ltr'><strong>,petiturum</strong></span> <span class='ocrx_word' id='word_1_93' title='bbox 2073 1248 2256 1291; x_wconf 87' lang='lat' dir='ltr'><strong>sacro</strong></span> <span class='ocrx_word' id='word_1_94' title='bbox 2295 1237 2328 1283; x_wconf 82' lang='lat'><strong>6</strong></span> 
     </span>
     <span class='ocr_line' id='line_1_13' title="bbox 235 1313 2259 1399; baseline 0.001 -23"><span class='ocrx_word' id='word_1_95' title='bbox 235 1314 385 1377; x_wconf 91' lang='lat' dir='ltr'><strong>inde</strong></span> <span class='ocrx_word' id='word_1_96' title='bbox 412 1316 815 1397; x_wconf 80' lang='lat' dir='ltr'><strong>perpetratO,</strong></span> <span class='ocrx_word' id='word_1_97' title='bbox 852 1313 932 1377; x_wconf 89' lang='lat' dir='ltr'><strong>ad</strong></span> <span class='ocrx_word' id='word_1_98' title='bbox 971 1314 1141 1399; x_wconf 90' lang='lat' dir='ltr'><strong>quod</strong></span> <span class='ocrx_word' id='word_1_99' title='bbox 1168 1317 1464 1397; x_wconf 81' lang='lat' dir='ltr'><strong>venerat,</strong></span> <span class='ocrx_word' id='word_1_100' title='bbox 1503 1316 1595 1396; x_wconf 89' lang='lat' dir='ltr'><strong>et,</strong></span> <span class='ocrx_word' id='word_1_101' title='bbox 1632 1314 1784 1377; x_wconf 90' lang='lat' dir='ltr'><strong>dum</strong></span> <span class='ocrx_word' id='word_1_102' title='bbox 1819 1315 1911 1378; x_wconf 93' lang='lat' dir='ltr'><strong>ibi</strong></span> <span class='ocrx_word' id='word_1_103' title='bbox 1947 1318 2259 1399; x_wconf 85' lang='lat' dir='ltr'><strong>moratur,</strong></span> 
     </span>
     <span class='ocr_line' id='line_1_14' title="bbox 237 1399 2259 1486; baseline 0 -20"><span class='ocrx_word' id='word_1_104' title='bbox 237 1403 614 1485; x_wconf 85' lang='lat' dir='ltr'><strong>pervastato</strong></span> <span class='ocrx_word' id='word_1_105' title='bbox 671 1422 830 1486; x_wconf 89' lang='lat' dir='ltr'><strong>agro</strong></span> <span class='ocrx_word' id='word_1_106' title='bbox 876 1399 1163 1466; x_wconf 80' lang='lat' dir='ltr'><strong>Cumano</strong></span> <span class='ocrx_word' id='word_1_107' title='bbox 1210 1422 1411 1485; x_wconf 92' lang='lat' dir='ltr'><strong>usque</strong></span> <span class='ocrx_word' id='word_1_108' title='bbox 1468 1401 1546 1463; x_wconf 89' lang='lat' dir='ltr'><strong>ad</strong></span> <span class='ocrx_word' id='word_1_109' title='bbox 1593 1401 1831 1465; x_wconf 89' lang='lat' dir='ltr'><strong>Miseni</strong></span> <span class='ocrx_word' id='word_1_110' title='bbox 1882 1406 2259 1484; x_wconf 89' lang='lat' dir='ltr'><strong>promuntu-</strong></span> 
     </span>
     <span class='ocr_line' id='line_1_15' title="bbox 240 1488 2256 1572; baseline 0 -20"><span class='ocrx_word' id='word_1_111' title='bbox 240 1490 437 1572; x_wconf 86' lang='lat' dir='ltr'><strong>rium,</strong></span> <span class='ocrx_word' id='word_1_112' title='bbox 478 1489 784 1554; x_wconf 87' lang='lat' dir='ltr'><strong>Puteolos</strong></span> <span class='ocrx_word' id='word_1_113' title='bbox 830 1493 1094 1572; x_wconf 90' lang='lat' dir='ltr'><strong>repente</strong></span> <span class='ocrx_word' id='word_1_114' title='bbox 1141 1509 1378 1572; x_wconf 85' lang='lat' dir='ltr'><strong>agmen</strong></span> <span class='ocrx_word' id='word_1_115' title='bbox 1412 1488 1732 1552; x_wconf 85' lang='lat' dir='ltr'><strong>convertit</strong></span> <span class='ocrx_word' id='word_1_116' title='bbox 1774 1488 1853 1552; x_wconf 89' lang='lat' dir='ltr'><strong>ad</strong></span> <span class='ocrx_word' id='word_1_117' title='bbox 1892 1491 2256 1572; x_wconf 90' lang='lat' dir='ltr'><strong>opprimen-</strong></span> 
     </span>
     <span class='ocr_line' id='line_1_16' title="bbox 245 1574 2328 1661; baseline 0.001 -22"><span class='ocrx_word' id='word_1_118' title='bbox 245 1578 400 1640; x_wconf 92' lang='lat' dir='ltr'><strong>dum</strong></span> <span class='ocrx_word' id='word_1_119' title='bbox 433 1577 821 1658; x_wconf 89' lang='lat' dir='ltr'><strong>praesidium</strong></span> <span class='ocrx_word' id='word_1_120' title='bbox 858 1576 1240 1640; x_wconf 88' lang='lat' dir='ltr'><strong>Romanum.</strong></span> <span class='ocrx_word' id='word_1_121' title='bbox 1314 1596 1427 1640; x_wconf 88' lang='lat' dir='ltr'><strong>sex</strong></span> <span class='ocrx_word' id='word_1_122' title='bbox 1461 1575 1648 1639; x_wconf 87' lang='lat' dir='ltr'><strong>milia</strong></span> <span class='ocrx_word' id='word_1_123' title='bbox 1681 1574 2019 1640; x_wconf 90' lang='lat' dir='ltr'><strong>hominum</strong></span> <span class='ocrx_word' id='word_1_124' title='bbox 2054 1582 2260 1661; x_wconf 88' lang='lat' dir='ltr'><strong>erant,</strong></span> <span class='ocrx_word' id='word_1_125' title='bbox 2298 1588 2328 1634; x_wconf 80' lang='grc'><strong>7</strong></span> 
     </span>
     <span class='ocr_line' id='line_1_17' title="bbox 249 1664 2258 1749; baseline 0.001 -21"><span class='ocrx_word' id='word_1_126' title='bbox 249 1668 313 1728; x_wconf 88' lang='lat' dir='ltr'><strong>et</strong></span> <span class='ocrx_word' id='word_1_127' title='bbox 354 1664 531 1729; x_wconf 91' lang='lat' dir='ltr'><strong>locus</strong></span> <span class='ocrx_word' id='word_1_128' title='bbox 576 1665 979 1729; x_wconf 90' lang='lat' dir='ltr'><strong>munimento</strong></span> <span class='ocrx_word' id='word_1_129' title='bbox 1026 1686 1305 1749; x_wconf 87' lang='lat' dir='ltr'><strong>quoque,</strong></span> <span class='ocrx_word' id='word_1_130' title='bbox 1359 1685 1492 1728; x_wconf 91' lang='lat' dir='ltr'><strong>non</strong></span> <span class='ocrx_word' id='word_1_131' title='bbox 1543 1668 1779 1729; x_wconf 86' lang='lat' dir='ltr'><strong>natura</strong></span> <span class='ocrx_word' id='word_1_132' title='bbox 1824 1665 2014 1729; x_wconf 89' lang='lat' dir='ltr'><strong>modo</strong></span> <span class='ocrx_word' id='word_1_133' title='bbox 2060 1668 2258 1730; x_wconf 90' lang='lat' dir='ltr'><strong>tutus.</strong></span> 
     </span>
     <span class='ocr_line' id='line_1_18' title="bbox 247 1752 2255 1836; baseline 0.001 -20"><span class='ocrx_word' id='word_1_134' title='bbox 247 1752 526 1817; x_wconf 91' lang='lat' dir='ltr'><strong>triduum</strong></span> <span class='ocrx_word' id='word_1_135' title='bbox 571 1753 668 1817; x_wconf 90' lang='lat' dir='ltr'><strong>ibi</strong></span> <span class='ocrx_word' id='word_1_136' title='bbox 711 1757 1001 1817; x_wconf 88' lang='lat' dir='ltr'><strong>moratus</strong></span> <span class='ocrx_word' id='word_1_137' title='bbox 1046 1753 1302 1817; x_wconf 91' lang='lat' dir='ltr'><strong>Poenus</strong></span> <span class='ocrx_word' id='word_1_138' title='bbox 1351 1752 1432 1816; x_wconf 88' lang='lat' dir='ltr'><strong>ab</strong></span> <span class='ocrx_word' id='word_1_139' title='bbox 1484 1752 1662 1816; x_wconf 93' lang='lat' dir='ltr'><strong>omni</strong></span> <span class='ocrx_word' id='word_1_140' title='bbox 1706 1756 1890 1835; x_wconf 88' lang='lat' dir='ltr'><strong>parte</strong></span> <span class='ocrx_word' id='word_1_141' title='bbox 1934 1756 2255 1836; x_wconf 90' lang='lat' dir='ltr'><strong>temptato</strong></span> 
     </span>
     <span class='ocr_line' id='line_1_19' title="bbox 242 1840 2258 1925; baseline 0 -19"><span class='ocrx_word' id='word_1_142' title='bbox 242 1841 590 1925; x_wconf 87' lang='lat' dir='ltr'><strong>praesidio,</strong></span> <span class='ocrx_word' id='word_1_143' title='bbox 636 1841 890 1924; x_wconf 85' lang='lat' dir='ltr'><strong>deinde,</strong></span> <span class='ocrx_word' id='word_1_144' title='bbox 935 1845 1011 1906; x_wconf 91' lang='lat' dir='ltr'><strong>ut</strong></span> <span class='ocrx_word' id='word_1_145' title='bbox 1045 1840 1209 1905; x_wconf 90' lang='lat' dir='ltr'><strong>nihil</strong></span> <span class='ocrx_word' id='word_1_146' title='bbox 1248 1840 1662 1924; x_wconf 89' lang='lat' dir='ltr'><strong>procedebat,</strong></span> <span class='ocrx_word' id='word_1_147' title='bbox 1701 1840 1781 1904; x_wconf 76' lang='lat' dir='ltr'><strong>acl</strong></span> <span class='ocrx_word' id='word_1_148' title='bbox 1817 1842 2258 1925; x_wconf 90' lang='lat' dir='ltr'><strong>populandum</strong></span> 
     </span>
     <span class='ocr_line' id='line_1_20' title="bbox 242 1927 2308 2015; baseline 0 -21"><span class='ocrx_word' id='word_1_149' title='bbox 242 1950 467 2015; x_wconf 87' lang='lat' dir='ltr'><strong>agrum</strong></span> <span class='ocrx_word' id='word_1_150' title='bbox 505 1927 1011 2012; x_wconf 85' lang='lat' dir='ltr'><strong>Neapolitanum</strong></span> <span class='ocrx_word' id='word_1_151' title='bbox 1048 1930 1256 2014; x_wconf 90' lang='lat' dir='ltr'><strong>magis</strong></span> <span class='ocrx_word' id='word_1_152' title='bbox 1304 1929 1405 1993; x_wconf 87' lang='lat' dir='ltr'><strong>ira</strong></span> <span class='ocrx_word' id='word_1_153' title='bbox 1452 1951 1646 2014; x_wconf 89' lang='lat' dir='ltr'><strong>quam</strong></span> <span class='ocrx_word' id='word_1_154' title='bbox 1690 1930 2043 2014; x_wconf 90' lang='lat' dir='ltr'><strong>potiundae</strong></span> <span class='ocrx_word' id='word_1_155' title='bbox 2080 1930 2257 1996; x_wconf 92' lang='lat' dir='ltr'><strong>urbis</strong></span> <span class='ocrx_word' id='word_1_156' title='bbox 2305 1969 2308 1972; x_wconf 34' lang='lat' dir='ltr'>v</span> 
     </span>
     <span class='ocr_line' id='line_1_21' title="bbox 242 2019 2328 2188; baseline -0.001 -17"><span class='ocrx_word' id='word_1_157' title='bbox 242 2019 1089 2188; x_wconf 41' lang='lat'><strong>{331305303351215533</strong></span> <span class='ocrx_word' id='word_1_158' title='bbox 1117 2019 1251 2169; x_wconf 61' lang='lat'><strong>²33?</strong></span> <span class='ocrx_word' id='word_1_159' title='bbox 1289 2017 2260 2170; x_wconf 55' lang='grc' dir='ltr'><strong>ὲῖεέζὲΡῗὲΠὲοΞΞὶἳῖἒῖῗ</strong></span> <span class='ocrx_word' id='word_1_160' title='bbox 2295 2027 2328 2074; x_wconf 76' lang='lat'>⁸</span> 
     </span>
     <span class='ocr_line' id='line_1_22' title="bbox 241 2156 2260 2278; baseline -0.001 -20"><span class='ocrx_word' id='word_1_161' title='bbox 241 2196 409 2260; x_wconf 85' lang='lat' dir='ltr'><strong>festa</strong></span> <span class='ocrx_word' id='word_1_162' title='bbox 454 2195 707 2259; x_wconf 88' lang='lat' dir='ltr'><strong>senatui</strong></span> <span class='ocrx_word' id='word_1_163' title='bbox 752 2156 900 2259; x_wconf 44' lang='lat' dir='ltr'><strong>suo?</strong></span> <span class='ocrx_word' id='word_1_164' title='bbox 967 2194 1187 2276; x_wconf 89' lang='lat' dir='ltr'><strong>itaque</strong></span> <span class='ocrx_word' id='word_1_165' title='bbox 1224 2194 1429 2278; x_wconf 87' lang='lat' dir='ltr'><strong>legati</strong></span> <span class='ocrx_word' id='word_1_166' title='bbox 1476 2193 1555 2257; x_wconf 89' lang='lat' dir='ltr'><strong>ad</strong></span> <span class='ocrx_word' id='word_1_167' title='bbox 1603 2194 2051 2257; x_wconf 88' lang='lat' dir='ltr'><strong>arcessendum</strong></span> <span class='ocrx_word' id='word_1_168' title='bbox 2085 2192 2260 2257; x_wconf 87' lang='lat' dir='ltr'><strong>Han·</strong></span> 
     </span>
     <span class='ocr_line' id='line_1_23' title="bbox 243 2281 2258 2366; baseline -0.001 -19"><span class='ocrx_word' id='word_1_169' title='bbox 243 2282 529 2348; x_wconf 89' lang='lat' dir='ltr'><strong>nibalem</strong></span> <span class='ocrx_word' id='word_1_170' title='bbox 593 2303 739 2346; x_wconf 91' lang='lat' dir='ltr'><strong>cum</strong></span> <span class='ocrx_word' id='word_1_171' title='bbox 775 2282 967 2359; x_wconf 47' lang='lat' dir='ltr'><strong>‚haud</strong></span> <span class='ocrx_word' id='word_1_172' title='bbox 1028 2282 1221 2347; x_wconf 90' lang='lat' dir='ltr'><strong>dubio</strong></span> <span class='ocrx_word' id='word_1_173' title='bbox 1280 2282 1599 2366; x_wconf 88' lang='lat' dir='ltr'><strong>promisso</strong></span> <span class='ocrx_word' id='word_1_174' title='bbox 1669 2281 2019 2347; x_wconf 89' lang='lat' dir='ltr'><strong>tradendae</strong></span> <span class='ocrx_word' id='word_1_175' title='bbox 2078 2283 2258 2346; x_wconf 89' lang='lat' dir='ltr'><strong>urbis</strong></span> 
     </span>
     <span class='ocr_line' id='line_1_24' title="bbox 243 2369 2331 2454; baseline 0 -19"><span class='ocrx_word' id='word_1_176' title='bbox 243 2374 573 2436; x_wconf 86' lang='lat' dir='ltr'><strong>venerunt.</strong></span> <span class='ocrx_word' id='word_1_177' title='bbox 649 2372 984 2454; x_wconf 81' lang='lat' dir='ltr'><strong>praevenit</strong></span> <span class='ocrx_word' id='word_1_178' title='bbox 1025 2370 1355 2454; x_wconf 91' lang='lat' dir='ltr'><strong>inceptum</strong></span> <span class='ocrx_word' id='word_1_179' title='bbox 1392 2392 1612 2435; x_wconf 89' lang='lat' dir='ltr'><strong>eorum</strong></span> <span class='ocrx_word' id='word_1_180' title='bbox 1650 2369 1999 2435; x_wconf 90' lang='lat' dir='ltr'><strong>Marcellus</strong></span> <span class='ocrx_word' id='word_1_181' title='bbox 2037 2372 2260 2435; x_wconf 92' lang='lat' dir='ltr'><strong>consul</strong></span> <span class='ocrx_word' id='word_1_182' title='bbox 2298 2380 2331 2427; x_wconf 81' lang='grc'>9</span> 
     </span>
     <span class='ocr_line' id='line_1_25' title="bbox 245 2456 2263 2543; baseline 0 -20"><span class='ocrx_word' id='word_1_183' title='bbox 245 2482 284 2523; x_wconf 86' lang='lat' dir='ltr'><strong>a</strong></span> <span class='ocrx_word' id='word_1_184' title='bbox 325 2460 722 2541; x_wconf 90' lang='lat' dir='ltr'><strong>primoribus</strong></span> <span class='ocrx_word' id='word_1_185' title='bbox 777 2459 1038 2524; x_wconf 89' lang='lat' dir='ltr'><strong>accitus.</strong></span> <span class='ocrx_word' id='word_1_186' title='bbox 1127 2460 1230 2524; x_wconf 91' lang='lat' dir='ltr'><strong>die</strong></span> <span class='ocrx_word' id='word_1_187' title='bbox 1284 2480 1414 2523; x_wconf 93' lang='lat' dir='ltr'><strong>uno</strong></span> <span class='ocrx_word' id='word_1_188' title='bbox 1464 2456 1836 2523; x_wconf 86' lang='lat' dir='ltr'><strong>Suessulam</strong></span> <span class='ocrx_word' id='word_1_189' title='bbox 1892 2481 1932 2524; x_wconf 89' lang='lat' dir='ltr'><strong>a</strong></span> <span class='ocrx_word' id='word_1_190' title='bbox 1976 2457 2263 2543; x_wconf 84' lang='lat' dir='ltr'><strong>Calibus,</strong></span> 
     </span>
     <span class='ocr_line' id='line_1_26' title="bbox 244 2546 2261 2632; baseline 0 -21"><span class='ocrx_word' id='word_1_191' title='bbox 244 2568 389 2611; x_wconf 93' lang='lat' dir='ltr'><strong>cum</strong></span> <span class='ocrx_word' id='word_1_192' title='bbox 424 2546 779 2611; x_wconf 89' lang='lat' dir='ltr'><strong>Vulturnus</strong></span> <span class='ocrx_word' id='word_1_193' title='bbox 828 2548 1037 2611; x_wconf 90' lang='lat' dir='ltr'><strong>amnis</strong></span> <span class='ocrx_word' id='word_1_194' title='bbox 1082 2547 1485 2612; x_wconf 89' lang='lat' dir='ltr'><strong>traicientem</strong></span> <span class='ocrx_word' id='word_1_195' title='bbox 1533 2552 1823 2612; x_wconf 89' lang='lat' dir='ltr'><strong>moratus</strong></span> <span class='ocrx_word' id='word_1_196' title='bbox 1870 2550 2066 2632; x_wconf 88' lang='lat' dir='ltr'><strong>esset,</strong></span> <span class='ocrx_word' id='word_1_197' title='bbox 2113 2569 2261 2612; x_wconf 90' lang='lat' dir='ltr'><strong>con-</strong></span> 
     </span>
     <span class='ocr_line' id='line_1_27' title="bbox 244 2632 2369 2718; baseline -0.002 -21"><span class='ocrx_word' id='word_1_198' title='bbox 244 2632 565 2716; x_wconf 85' lang='lat' dir='ltr'><strong>tenderat3</strong></span> <span class='ocrx_word' id='word_1_199' title='bbox 604 2633 750 2697; x_wconf 89' lang='lat' dir='ltr'><strong>inde</strong></span> <span class='ocrx_word' id='word_1_200' title='bbox 787 2634 1084 2715; x_wconf 83' lang='lat' dir='ltr'><strong>proxima</strong></span> <span class='ocrx_word' id='word_1_201' title='bbox 1118 2640 1308 2700; x_wconf 89' lang='lat' dir='ltr'><strong>nocte</strong></span> <span class='ocrx_word' id='word_1_202' title='bbox 1346 2656 1458 2700; x_wconf 84' lang='lat' dir='ltr'><strong>sex</strong></span> <span class='ocrx_word' id='word_1_203' title='bbox 1487 2635 1669 2698; x_wconf 91' lang='lat' dir='ltr'><strong>milia</strong></span> <span class='ocrx_word' id='word_1_204' title='bbox 1695 2635 1983 2718; x_wconf 90' lang='lat' dir='ltr'><strong>peditum</strong></span> <span class='ocrx_word' id='word_1_205' title='bbox 2012 2636 2261 2717; x_wconf 83' lang='lat' dir='ltr'><strong>equites</strong></span> <span class='ocrx_word' id='word_1_206' title='bbox 2301 2645 2369 2692; x_wconf 86' lang='lat'><strong>10</strong></span> 
     </span>
     <span class='ocr_line' id='line_1_28' title="bbox 242 2720 2261 2805; baseline 0.001 -20"><span class='ocrx_word' id='word_1_207' title='bbox 242 2723 623 2805; x_wconf 72' lang='lat' dir='ltr'><strong>quinyent08‚</strong></span> <span class='ocrx_word' id='word_1_208' title='bbox 669 2723 777 2802; x_wconf 78' lang='lat' dir='ltr'><strong>qui</strong></span> <span class='ocrx_word' id='word_1_209' title='bbox 822 2721 1146 2805; x_wconf 91' lang='lat' dir='ltr'><strong>praesidio</strong></span> <span class='ocrx_word' id='word_1_210' title='bbox 1194 2723 1449 2788; x_wconf 88' lang='lat' dir='ltr'><strong>senatui</strong></span> <span class='ocrx_word' id='word_1_211' title='bbox 1495 2726 1733 2805; x_wconf 87' lang='lat' dir='ltr'><strong>essent,</strong></span> <span class='ocrx_word' id='word_1_212' title='bbox 1776 2720 2016 2786; x_wconf 90' lang='lat' dir='ltr'><strong>Nolam</strong></span> <span class='ocrx_word' id='word_1_213' title='bbox 2063 2723 2261 2787; x_wconf 78' lang='lat' dir='ltr'><strong>intro-</strong></span> 
     </span>
     <span class='ocr_line' id='line_1_29' title="bbox 246 2808 2364 2894; baseline -0.002 -22"><span class='ocrx_word' id='word_1_214' title='bbox 246 2810 443 2875; x_wconf 87' lang='lat' dir='ltr'><strong>misit.</strong></span> <span class='ocrx_word' id='word_1_215' title='bbox 534 2812 600 2873; x_wconf 89' lang='lat' dir='ltr'><strong>et</strong></span> <span class='ocrx_word' id='word_1_216' title='bbox 644 2809 743 2874; x_wconf 90' lang='lat' dir='ltr'><strong>uti</strong></span> <span class='ocrx_word' id='word_1_217' title='bbox 791 2832 831 2875; x_wconf 90' lang='lat' dir='ltr'><strong>a</strong></span> <span class='ocrx_word' id='word_1_218' title='bbox 874 2810 1135 2875; x_wconf 91' lang='lat' dir='ltr'><strong>consule</strong></span> <span class='ocrx_word' id='word_1_219' title='bbox 1182 2813 1401 2876; x_wconf 90' lang='lat' dir='ltr'><strong>omnia</strong></span> <span class='ocrx_word' id='word_1_220' title='bbox 1457 2810 1708 2894; x_wconf 87' lang='lat' dir='ltr'><strong>inpigre</strong></span> <span class='ocrx_word' id='word_1_221' title='bbox 1762 2809 1937 2873; x_wconf 87' lang='lat' dir='ltr'><strong>facta</strong></span> <span class='ocrx_word' id='word_1_222' title='bbox 1983 2813 2133 2874; x_wconf 91' lang='lat' dir='ltr'><strong>sunt</strong></span> <span class='ocrx_word' id='word_1_223' title='bbox 2178 2808 2261 2874; x_wconf 90' lang='lat' dir='ltr'><strong>ad</strong></span> <span class='ocrx_word' id='word_1_224' title='bbox 2301 2821 2364 2869; x_wconf 86' lang='lat'><strong>11</strong></span> 
     </span>
     <span class='ocr_line' id='line_1_30' title="bbox 243 2896 2263 2984; baseline 0.001 -23"><span class='ocrx_word' id='word_1_225' title='bbox 243 2899 840 2981; x_wconf 84' lang='lat' dir='ltr'><strong>praeoccupandam</strong></span> <span class='ocrx_word' id='word_1_226' title='bbox 883 2896 1145 2982; x_wconf 85' lang='lat' dir='ltr'><strong>Nolam,</strong></span> <span class='ocrx_word' id='word_1_227' title='bbox 1191 2901 1284 2964; x_wconf 90' lang='lat' dir='ltr'><strong>ita</strong></span> <span class='ocrx_word' id='word_1_228' title='bbox 1317 2899 1650 2964; x_wconf 87' lang='lat' dir='ltr'><strong>Hannibal</strong></span> <span class='ocrx_word' id='word_1_229' title='bbox 1695 2903 1951 2982; x_wconf 89' lang='lat' dir='ltr'><strong>tempus</strong></span> <span class='ocrx_word' id='word_1_230' title='bbox 1988 2899 2263 2984; x_wconf 86' lang='lat' dir='ltr'><strong>terebat,</strong></span> 
     </span>
    </p>
   </div>
   <div class='ocr_carea' id='block_1_3' title="bbox 243 2986 2263 3140">
    <p class='ocr_par' dir='ltr' id='par_1_3' title="bbox 243 2986 2263 3140">
     <span class='ocr_line' id='line_1_31' title="bbox 243 2986 2263 3073; baseline 0.002 -25"><span class='ocrx_word' id='word_1_231' title='bbox 243 2986 344 3049; x_wconf 93' lang='lat' dir='ltr'><strong>bis</strong></span> <span class='ocrx_word' id='word_1_232' title='bbox 389 2987 519 3051; x_wconf 86' lang='lat' dir='ltr'><strong>iam</strong></span> <span class='ocrx_word' id='word_1_233' title='bbox 568 2991 718 3051; x_wconf 87' lang='lat' dir='ltr'><strong>ante</strong></span> <span class='ocrx_word' id='word_1_234' title='bbox 762 2988 1154 3072; x_wconf 86' lang='lat' dir='ltr'><strong>nequiquam</strong></span> <span class='ocrx_word' id='word_1_235' title='bbox 1200 2991 1520 3072; x_wconf 87' lang='lat' dir='ltr'><strong>temptata</strong></span> <span class='ocrx_word' id='word_1_236' title='bbox 1578 3009 1647 3051; x_wconf 88' lang='lat' dir='ltr'><strong>re</strong></span> <span class='ocrx_word' id='word_1_237' title='bbox 1695 2988 1957 3073; x_wconf 88' lang='lat' dir='ltr'><strong>segnior</strong></span> <span class='ocrx_word' id='word_1_238' title='bbox 2002 2988 2081 3052; x_wconf 87' lang='lat' dir='ltr'><strong>ad</strong></span> <span class='ocrx_word' id='word_1_239' title='bbox 2127 3009 2263 3052; x_wconf 87' lang='lat' dir='ltr'><strong>cre-</strong></span> 
     </span>
     <span class='ocr_line' id='line_1_32' title="bbox 246 3073 1119 3140; baseline 0.002 -4"><span class='ocrx_word' id='word_1_240' title='bbox 246 3073 520 3136; x_wconf 89' lang='lat' dir='ltr'><strong>dendum</strong></span> <span class='ocrx_word' id='word_1_241' title='bbox 564 3074 840 3140; x_wconf 87' lang='lat' dir='ltr'><strong>Nolanis</strong></span> <span class='ocrx_word' id='word_1_242' title='bbox 885 3077 1119 3139; x_wconf 75' lang='lat' dir='ltr'><strong>factus,</strong></span> 
     </span>
    </p>
   </div>
   <div class='ocr_carea' id='block_1_4' title="bbox 246 3160 2328 3598">
    <p class='ocr_par' dir='ltr' id='par_1_4' title="bbox 246 3160 2328 3598">
     <span class='ocr_line' id='line_1_33' title="bbox 418 3160 2327 3238; baseline -0.002 -15"><span class='ocrx_word' id='word_1_243' title='bbox 418 3160 596 3224; x_wconf 87' lang='lat' dir='ltr'>XIV.</span> <span class='ocrx_word' id='word_1_244' title='bbox 641 3162 854 3228; x_wconf 88' lang='lat' dir='ltr'><strong>Isdem</strong></span> <span class='ocrx_word' id='word_1_245' title='bbox 902 3163 1129 3227; x_wconf 90' lang='lat' dir='ltr'><strong>diebus</strong></span> <span class='ocrx_word' id='word_1_246' title='bbox 1175 3167 1243 3227; x_wconf 88' lang='lat' dir='ltr'><strong>et</strong></span> <span class='ocrx_word' id='word_1_247' title='bbox 1288 3161 1363 3238; x_wconf 83' lang='lat' dir='ltr'><strong>Q.</strong></span> <span class='ocrx_word' id='word_1_248' title='bbox 1400 3162 1638 3229; x_wconf 87' lang='lat' dir='ltr'><strong>Fabius</strong></span> <span class='ocrx_word' id='word_1_249' title='bbox 1684 3164 1910 3230; x_wconf 91' lang='lat' dir='ltr'><strong>consul</strong></span> <span class='ocrx_word' id='word_1_250' title='bbox 1957 3163 2038 3228; x_wconf 88' lang='lat' dir='ltr'><strong>ad</strong></span> <span class='ocrx_word' id='word_1_251' title='bbox 2083 3161 2261 3228; x_wconf 84' lang='lat' dir='ltr'><strong>Casi·</strong></span> <span class='ocrx_word' id='word_1_252' title='bbox 2301 3175 2327 3220; x_wconf 89' lang='lat'>1</span> 
     </span>
     <span class='ocr_line' id='line_1_34' title="bbox 246 3249 2264 3334; baseline -0 -22"><span class='ocrx_word' id='word_1_253' title='bbox 246 3249 450 3313; x_wconf 91' lang='lat' dir='ltr'><strong>linum</strong></span> <span class='ocrx_word' id='word_1_254' title='bbox 495 3251 971 3333; x_wconf 86' lang='lat' dir='ltr'><strong>temptandum,</strong></span> <span class='ocrx_word' id='word_1_255' title='bbox 1029 3250 1200 3334; x_wconf 90' lang='lat' dir='ltr'><strong>quod</strong></span> <span class='ocrx_word' id='word_1_256' title='bbox 1244 3252 1565 3334; x_wconf 89' lang='lat' dir='ltr'><strong>praesidio</strong></span> <span class='ocrx_word' id='word_1_257' title='bbox 1612 3252 1854 3317; x_wconf 90' lang='lat' dir='ltr'><strong>Punico</strong></span> <span class='ocrx_word' id='word_1_258' title='bbox 1901 3251 2264 3332; x_wconf 83' lang='lat' dir='ltr'><strong>tenebatur,</strong></span> 
     </span>
     <span class='ocr_line' id='line_1_35' title="bbox 246 3335 2261 3423; baseline 0.001 -23"><span class='ocrx_word' id='word_1_259' title='bbox 246 3337 433 3420; x_wconf 85' lang='lat' dir='ltr'><strong>venit,</strong></span> <span class='ocrx_word' id='word_1_260' title='bbox 463 3339 530 3400; x_wconf 89' lang='lat' dir='ltr'><strong>et</strong></span> <span class='ocrx_word' id='word_1_261' title='bbox 563 3336 644 3400; x_wconf 88' lang='lat' dir='ltr'><strong>ad</strong></span> <span class='ocrx_word' id='word_1_262' title='bbox 673 3335 1112 3403; x_wconf 87' lang='lat' dir='ltr'><strong>Beneventum</strong></span> <span class='ocrx_word' id='word_1_263' title='bbox 1140 3339 1320 3403; x_wconf 82' lang='lat' dir='ltr'><strong>velut</strong></span> <span class='ocrx_word' id='word_1_264' title='bbox 1349 3361 1425 3403; x_wconf 86' lang='lat' dir='ltr'><strong>ex</strong></span> <span class='ocrx_word' id='word_1_265' title='bbox 1454 3342 1811 3423; x_wconf 91' lang='lat' dir='ltr'><strong>composito</strong></span> <span class='ocrx_word' id='word_1_266' title='bbox 1840 3341 2024 3420; x_wconf 86' lang='lat' dir='ltr'><strong>parte</strong></span> <span class='ocrx_word' id='word_1_267' title='bbox 2054 3337 2261 3402; x_wconf 87' lang='lat' dir='ltr'><strong>altera</strong></span> 
     </span>
     <span class='ocr_line' id='line_1_36' title="bbox 246 3423 2261 3511; baseline 0.001 -23"><span class='ocrx_word' id='word_1_268' title='bbox 246 3425 477 3490; x_wconf 86' lang='lat' dir='ltr'><strong>Hanno</strong></span> <span class='ocrx_word' id='word_1_269' title='bbox 536 3447 613 3489; x_wconf 85' lang='lat' dir='ltr'><strong>ex</strong></span> <span class='ocrx_word' id='word_1_270' title='bbox 667 3423 943 3490; x_wconf 81' lang='lat' dir='ltr'><strong>Bruttiis</strong></span> <span class='ocrx_word' id='word_1_271' title='bbox 1009 3446 1152 3489; x_wconf 91' lang='lat' dir='ltr'><strong>cum</strong></span> <span class='ocrx_word' id='word_1_272' title='bbox 1208 3448 1446 3511; x_wconf 86' lang='lat' dir='ltr'><strong>magna</strong></span> <span class='ocrx_word' id='word_1_273' title='bbox 1503 3428 1792 3509; x_wconf 88' lang='lat' dir='ltr'><strong>peditum</strong></span> <span class='ocrx_word' id='word_1_274' title='bbox 1848 3425 2261 3507; x_wconf 85' lang='lat' dir='ltr'><strong>equitumque</strong></span> 
     </span>
     <span class='ocr_line' id='line_1_37' title="bbox 248 3512 2328 3598; baseline -0.001 -22"><span class='ocrx_word' id='word_1_275' title='bbox 248 3534 466 3598; x_wconf 83' lang='lat' dir='ltr'><strong>manu,</strong></span> <span class='ocrx_word' id='word_1_276' title='bbox 520 3514 729 3579; x_wconf 88' lang='lat' dir='ltr'><strong>altera</strong></span> <span class='ocrx_word' id='word_1_277' title='bbox 781 3513 879 3578; x_wconf 84' lang='lat' dir='ltr'><strong>Ti.</strong></span> <span class='ocrx_word' id='word_1_278' title='bbox 925 3512 1251 3579; x_wconf 85' lang='lat' dir='ltr'><strong>Gracchus</strong></span> <span class='ocrx_word' id='word_1_279' title='bbox 1312 3516 1395 3578; x_wconf 87' lang='lat' dir='ltr'><strong>ab</strong></span> <span class='ocrx_word' id='word_1_280' title='bbox 1440 3513 1710 3578; x_wconf 86' lang='lat' dir='ltr'><strong>Luceria</strong></span> <span class='ocrx_word' id='word_1_281' title='bbox 1766 3513 2057 3577; x_wconf 84' lang='lat' dir='ltr'><strong>accessit.</strong></span> <span class='ocrx_word' id='word_1_282' title='bbox 2147 3513 2259 3595; x_wconf 92' lang='lat' dir='ltr'><strong>qui</strong></span> <span class='ocrx_word' id='word_1_283' title='bbox 2294 3522 2328 3568; x_wconf 77' lang='lat'><em>2</em></span> 
     </span>
    </p>
   </div>
  </div>
 </body>
</html>
