2654 3913
402 196 529 261 106
692 163 928 250 'LIBER
964 193 1136 251 xxv.
1211 196 1365 251 cAP.
1406 200 1491 251 38.
1530 201 1614 251 39.
1692 198 1766 265 [a.
1809 197 1869 251 o.
1909 212 1955 251 c.
1996 202 2123 266 542]

400 345 483 425 et,
531 363 656 425 quo
703 340 1010 406 audac-ius
1060 343 1216 423 erat,
1260 340 1471 424 magis
1516 339 1838 423 placebat.
1918 339 2238 424 reliquum
2288 339 2412 405 diei

399 429 805 513 expediendis
846 428 1044 493 armis
1084 432 1150 492 et
1185 428 1519 493 curatione
1551 448 1899 511 ‘corporum
1936 430 2413 511 consumptum,

400 520 466 586 et
521 517 729 582 maior
782 538 934 600 pars
988 517 1200 580 noctis
1258 516 1459 600 quieti
1505 516 1658 581 data
1702 521 1819 582 est.
1908 519 2144 599 quarta
2185 516 2418 601 vigilia

402 627 674 671 movere.
763 604 1057 669 XXXIX.
1132 608 1317 669 erant
1388 604 1563 669 ultra
1631 626 1947 707 proxuma
2021 608 2230 669 eastra
2300 626 2412 669 sex

398 695 652 759 milium
716 692 1058 758 intervallo
1123 692 1441 757 distantes
1508 692 1675 757 aliae
1741 694 1964 776 copiae
2027 685 2413 757 Poenorum.

400 782 598 846 valles
658 803 815 845 cava
868 782 1209 864 intererat,
1265 780 1587 845 condensa
1641 781 2001 845 arboribus.
2098 780 2166 843 in
2218 778 2410 844 huius

399 870 603 932 silvae
645 868 857 932 medio
904 867 1107 931 ferme
1145 869 1357 951 spatio
1397 867 1626 933 cohors
1662 868 1959 933 Romana
1997 870 2134 933 arte
2168 867 2412 932 Punica

399 956 659 1020 abditur
743 958 808 1018 et
891 955 1156 1038 equiteS.
1262 955 1360 1019 ita
1441 955 1654 1020 medio
1736 957 1968 1021 itinere
2051 956 2410 1040 intercepto

398 1047 644 1108 ceterae
722 1041 946 1126 copiae
1020 1041 1239 1105 silenti
1312 1042 1570 1125 agmine
1642 1043 1723 1106 ad
1796 1044 2129 1128 proximos
2200 1044 2411 1109 hostis

398 1131 644 1213 ductae,
693 1133 774 1214 et,
820 1151 966 1193 cum
1013 1129 1211 1194 statio
1256 1129 1444 1192 nulla
1485 1150 1607 1213 pro
1642 1131 1852 1213 portis
1889 1151 2097 1212 neque
2133 1132 2203 1195 in
2238 1131 2410 1197 vallo

397 1218 725 1283 custodiae
784 1221 1026 1300 essent,
1087 1217 1267 1282 velut
1323 1216 1392 1281 in
1452 1239 1570 1282 sua
1626 1220 1843 1282 castra
1886 1217 2077 1282 'nullo
2137 1239 2413 1301 usquam

399 1307 757 1372 obsistente
812 1309 1247 1391 penetravere.
1330 1305 1478 1370 inde
1526 1306 1715 1390 signa
1760 1310 1999 1370 canunt
2044 1309 2110 1370 et
2151 1306 2412 1371 tollitur
2469 1313 2476 1320 ’

355 1394 659 1461 'clamon
745 1397 899 1479 pa‘rs
945 1394 1373 1460 semisomnos
1416 1393 1628 1459 hostis
1673 1394 1975 1478 caedunt,
2028 1416 2180 1478 pars
2225 1394 2409 1479 ignes

398 1485 564 1550 casis
623 1486 981 1549 stramento
1028 1483 1209 1548 arido
1255 1482 1461 1559 tectis,
1494 1483 1797 1566 iniciunt,
1840 1504 1993 1566 pars
2039 1487 2264 1566 portas
2310 1504 2409 1548 oc-

390 1575 663 1656 cupant,
722 1575 797 1637 ut
853 1571 1079 1654 fugam
1137 1570 1586 1636 intercludant.
1682 1572 1905 1636 hostes
1965 1572 2159 1637 simul
2221 1571 2410 1657 ignis,

398 1661 668 1743 clamor,
734 1658 956 1722 caedes
1022 1659 1202 1722 velut
1265 1660 1584 1724 alienatos
1649 1659 1942 1724 sensibus
2003 1681 2122 1725 nec
2187 1659 2410 1724 audire

397 1769 514 1812 nec
550 1745 886 1829 providere
923 1745 1265 1827 quicquam
1304 1746 1543 1809 sinunt.
1605 1745 1899 1810 incidunt
1932 1746 2211 1821 inermes
2240 1747 2410 1810 inter

396 1838 690 1898 catervas
746 1836 1162 1902 armatorum.
1254 1832 1367 1897 alii
1420 1836 1618 1897 ruunt
1672 1832 1752 1896 ad
1804 1836 2056 1916 portas,
2121 1832 2237 1898 alii
2295 1835 2409 1898 ob—

397 1921 638 2006 saeptis
691 1919 1034 1986 itineribus
1095 1940 1288 2005 super
1342 1920 1587 1985 vallum
1642 1920 1898 1986 saliunt.
1989 1923 2055 1985 et
2106 1925 2182 1986 ut
2236 1920 2408 2005 quis-

397 2033 519 2094 que
554 2012 894 2093 evaserat,
945 2009 1245 2093 protinus
1301 2010 1382 2075 ad
1436 2013 1652 2075 castra
1705 2010 1913 2074 altera
1955 2009 2267 2095 fugiunt„
2295 2010 2408 2076 ubi

396 2101 477 2165 ab
525 2098 789 2165 cohorte
836 2101 903 2163 et
945 2096 1268 2182 equitibus
1316 2120 1395 2163 ex
1441 2098 1694 2163 occulto
1728 2099 2255 2183 procurrentibus
2293 2098 2408 2163 cir-

397 2187 719 2253 cumventi
776 2186 1074 2270 caesique
1122 2187 1202 2252 ad
1249 2208 1448 2250 unum
1495 2207 1719 2251 omnes
1767 2192 1948 2269 sunt3
1996 2209 2408 2271 quamquam,

397 2275 653 2338 etiamsi
712 2274 854 2356 quis
916 2295 993 2337 ex
1052 2294 1129 2338 ea
1189 2274 1381 2338 caede
1442 2273 1798 2357 effugisset,
1857 2275 2015 2339 adeo
2070 2276 2313 2358 raptim
2369 2297 2409 2338 a

395 2361 604 2444 captis
648 2359 1060 2443 propioribus
1094 2360 1325 2425 castris
1363 2359 1432 2422 in
1474 2359 1680 2424 altera
1715 2365 2156 2425 transcursum
2194 2364 2410 2426 castra

394 2447 476 2512 ab
535 2446 845 2511 Romanis
909 2450 1033 2530 est,
1106 2449 1179 2510 ut
1239 2446 1617 2528 praevenire
1678 2448 1945 2512 nuntius
2010 2448 2212 2514 cladis
2275 2471 2408 2515 non

393 2537 633 2618 posset.
719 2533 814 2599 ibi
868 2556 1048 2617 vero,
1107 2555 1232 2617 quo
1287 2534 1547 2619 longius
1604 2536 1686 2601 ab
1741 2535 1931 2600 hoste
1988 2537 2286 2620 aberant,
2341 2540 2408 2602 et

394 2623 546 2706 quia
591 2623 709 2689 sub
758 2622 969 2688 lucem
1013 2623 1396 2706 pabulatum
1439 2621 1889 2709 lignatumque
1927 2628 1994 2690 et
2024 2626 2408 2709 praedatum

395 2711 654 2813 quidam
701 2710 937 2795 dilapsi
979 2711 1261 2800 fuerant,
1318 2712 1616 2797 neglecta
1658 2713 1870 2796 magis
1917 2713 2138 2777 omnia
2182 2735 2259 2778 ac
2304 2733 2406 2777 so·

393 2801 533 2865 luta
601 2800 938 2903 invenere3
1005 2822 1187 2864 arma
1256 2803 1514 2865 tantum
1585 2801 1654 2865 in
1717 2801 2108 2865 stationibus
2171 2800 2407 2884 posita,

392 2888 632 2952 milites
685 2888 964 2953 inerme‘s
1011 2892 1125 2953 aut
1166 2888 1354 2952 humi
1395 2887 1689 2954 sedentes
1735 2887 2246 2972 accubantesque
2292 2894 2407 2954 aut

393 2975 888 3039 obambulantes
945 2977 1093 3039 ante
1146 2975 1389 3039 vallum
1439 2979 1813 3059 portasque.
1909 2995 2056 3041 cum
2111 2976 2216 3042 his
2269 2980 2407 3042 tam

392 3062 631 3127 securis
688 3061 1044 3145 solutisque
1100 3060 1378 3126 Romani
1432 3063 1714 3127 calentes
1770 3062 1979 3128 adhuc
2035 3065 2118 3130 ab
2164 3066 2407 3130 recenti

390 3168 609 3234 pugna
682 3148 1056 3234 ferocesque
1128 3149 1400 3214 victoria
1470 3150 1791 3234 proelium
1851 3151 2097 3218 ineunt.
2186 3154 2406 3237 itaque

390 3259 797 3322 nequaquam
841 3237 1061 3303 resisti
1105 3236 1176 3300 in
1218 3237 1428 3320 portis
1473 3239 1709 3321 potuit.
1779 3240 1954 3306 intra
1995 3244 2221 3325 portas
2257 3261 2405 3305 con-

391 3347 582 3392 cursu
628 3348 705 3391 ex
748 3327 908 3392 totis
956 3325 1187 3391 castris
1235 3325 1316 3390 ad
1358 3325 1642 3409 primum
1682 3328 2029 3395 clamorem
2066 3332 2133 3392 et
2165 3318 2404 3392 tumul-

306 3415 531 3476 lotum
574 3413 748 3479 facto
796 3418 980 3480 atrox
1023 3414 1343 3498 proelium
1390 3414 1614 3480 oritur.
1684 3415 1916 3500 diuque
1958 3415 2292 3499 tenuisset,
2336 3418 2408 3483 ni

391 3503 653 3564 cruenta
688 3505 876 3567 scuta
903 3503 1344 3567 Romanorum
1381 3502 1520 3567 visa
1554 3503 1860 3569 indicium
1898 3503 2165 3583 alterius
2202 3502 2410 3570 eladis
