2654 3913
619 217 836 272 LIBER
872 216 1042 271 XXV.
1120 215 1271 271 CAP.
1312 223 1398 272 32.
1440 223 1525 272 33.
1600 217 1674 286 [a.
1716 218 1773 272 C.
1812 219 1940 288 212]
2203 218 2288 282 97

275 363 570 446 siliisque
614 362 826 445 magis
866 382 1061 445 quam
1102 360 1300 424 armis
1339 360 1586 423 bellum
1625 363 1976 443 gereretur,
2011 359 2289 425 Romani

277 452 700 535 imperatores
748 447 992 533 egressi
1036 447 1327 511 hibernis
1377 448 1597 530 copias
1645 446 2127 513 coniunxerunt.
2197 449 2290 513 ibi
2327 461 2360 508 2

279 540 616 604 consilium
645 538 1048 619 advocatum,
1089 536 1506 619 omniumque
1533 536 1599 599 in
1627 557 1826 599 unum
1857 539 2291 620 congruerunt

281 628 655 709 sententiae,
695 624 947 710 quando
987 624 1067 688 ad
1104 624 1171 688 id
1207 623 1499 688 locorum
1535 623 1602 686 id
1638 623 1828 687 modo
1860 627 2074 688 actum
2105 628 2294 708 esset,

278 719 367 780 ut
385 713 859 780 Hasdrubalem
904 711 1275 776 tendentem
1314 712 1381 775 in
1417 710 1675 775 Italiam
1715 710 2086 795 retinerent,
2131 716 2293 777 tem·

277 826 395 887 pus
444 825 585 868 esse
631 802 698 867 id
745 801 874 902 iam
922 799 1048 884 agi,
1093 803 1166 864 ut
1210 798 1455 863 bellum
1501 799 1569 862 in
1615 797 1935 882 Hispania
1979 800 2293 866 finiretur.

279 894 345 955 et
383 892 544 955 satis
585 889 662 954 ad
698 889 765 954 id
802 887 1038 952 virium
1077 888 1423 971 credebant
1461 888 1806 952 accessisse
1845 887 2082 971 viginti
2110 889 2292 953 milia
2329 900 2361 946 3

277 977 752 1043 Celtiberorum
799 997 876 1042 ea
920 976 1132 1041 hieme
1179 976 1259 1041 ad
1307 997 1488 1040 arma
1533 975 1756 1040 excita.
1830 975 2117 1041 hostium
2156 980 2289 1042 tres

281 1066 594 1130 exercitus
653 1069 852 1130 erant.
952 1063 1321 1131 Hasdrubal
1378 1062 1684 1149 Gisgonis
1739 1062 1913 1128 filius
1973 1069 2039 1130 et
2091 1064 2289 1149 Mago
2327 1075 2364 1122 4

281 1154 637 1219 coniunctis
693 1153 923 1218 castris
980 1152 1262 1254 quinque
1317 1152 1519 1217 ferme
1576 1152 1824 1215 dierum
1869 1151 1993 1216 iter
2039 1154 2122 1218 ab
2166 1154 2293 1218 Ro-

281 1243 488 1307 manis
545 1243 834 1307 aberant.
934 1241 1197 1323 propior
1254 1243 1393 1303 erat
1449 1239 1840 1303 Hamilcaris
1894 1239 2068 1304 filius
2124 1240 2292 1306 Has·
2329 1251 2361 1299 5

278 1330 528 1414 drubal,
564 1333 751 1394 vetus
788 1330 858 1392 in
893 1328 1216 1409 Hispania
1251 1327 1634 1408 imperator;
1672 1325 1752 1389 ad
1781 1326 2007 1390 urbem
2034 1329 2293 1391 nomine

278 1418 651 1500 Amtorgim
724 1414 1073 1478 exercitum
1136 1412 1434 1477 habebat.
1534 1433 1679 1476 eum
1741 1411 2052 1477 volebant
2112 1415 2292 1496 prius
2331 1426 2364 1473 6

281 1504 563 1588 opprimi
615 1503 805 1566 duces
860 1500 1165 1584 Romani,
1230 1502 1295 1564 et
1355 1520 1499 1581 spes
1562 1502 1702 1562 erat
1761 1499 1920 1562 satis
1982 1522 2294 1585 superque

282 1593 363 1655 ad
407 1592 473 1656 id
521 1590 755 1656 virium
802 1610 967 1671 esse3
1014 1588 1130 1653 illa
1174 1587 1468 1652 restabat
1514 1608 1682 1671 cura,
1727 1608 1808 1651 ne
1854 1587 1999 1653 fuso
2037 1609 2112 1654 eo
2140 1611 2294 1673 ·-per

280 1679 447 1745 culsi
475 1680 657 1743 alter
692 1676 1061 1742 Hasdrubal
1109 1679 1173 1742 et
1209 1674 1406 1761 Mago
1445 1676 1514 1739 in
1552 1675 1728 1740 avios
1767 1675 1972 1741 saltus
2013 1682 2294 1743 montes-

283 1790 403 1851 que
477 1767 861 1851 recipientes
928 1787 1066 1831 sese
1131 1764 1378 1829 bellum
1443 1764 1873 1830 extraherent.
1975 1767 2293 1850 optimum
2331 1776 2363 1825 ‘1

286 1856 483 1939 igitur
528 1856 656 1920 rati
703 1854 926 1920 divisis
972 1853 1275 1919 bifariam
1324 1854 1523 1936 copiis
1571 1854 1773 1918 totius
1821 1854 2016 1919 simul
2057 1856 2293 1941 Hispa-

283 1944 426 2010 niae
482 1944 785 2027 amplecti
839 1942 1111 2027 bellum,
1165 1942 1262 2008 ita
1315 1942 1487 2007 inter
1542 1964 1610 2007 se
1667 1942 2049 2028 diviserunt,
2104 1949 2179 2009 ut
2223 1945 2294 2009 P.

281 2030 622 2097 Cornelius
661 2032 819 2096 duas
857 2034 1071 2113 partes
1109 2030 1423 2095 exercitus
1463 2030 1906 2114 Romanorum
1944 2032 2295 2096 sociorum·

282 2141 406 2201 que
463 2119 768 2183 adversus
823 2117 1171 2203 Magonem
1233 2117 1492 2182 duceret
1549 2121 1741 2200 atque
1786 2115 2295 2204 Hasdrubalem,

283 2206 399 2273 Cn.
446 2205 780 2273 Cornelius
838 2227 979 2271 cum
1031 2205 1228 2271 tertia
1274 2208 1457 2288 parte
1502 2205 1741 2270 veteris
1790 2206 2104 2272 exercitus
2153 2205 2293 2273 Cel·
2331 2217 2365 2265 8

282 2296 509 2361 tiberis
546 2295 863 2361 adiunctis
901 2317 1046 2361 cum
1084 2293 1487 2359 Hasdrubale
1514 2292 1791 2359 Barcino
1830 2294 2075 2360 bellum
2114 2317 2292 2381 gere-

282 2389 399 2450 ret.
491 2407 618 2450 una
662 2384 936 2469 profecti
984 2384 1177 2449 ambo
1225 2383 1415 2449 duces
1463 2383 1902 2468 exercitusque
1946 2382 2291 2451 Celtiberis
2331 2394 2364 2441 9

283 2472 875 2556 praegredientibus
950 2474 1032 2537 ad
1093 2473 1321 2537 urbem
1385 2472 1754 2557 Amtorgim
1817 2473 1885 2537 in
1950 2479 2295 2556 conspectu

283 2557 570 2623 hostium
619 2559 958 2624 dirimente
998 2560 1172 2623 amni
1208 2564 1456 2642 ponunt
1494 2565 1720 2624 castra.
1793 2560 1888 2623 ibi
1925 2558 2038 2625 Cn.
2076 2560 2291 2644 Scipio
2316 2569 2383 2618 10

284 2666 429 2709 cum
476 2645 707 2729 quibus
756 2647 905 2710 ante
949 2645 1189 2708 dictum
1226 2652 1326 2710 est
1364 2648 1564 2729 copiis
1603 2646 1923 2727 substitit3
1968 2647 2038 2710 P.
2077 2645 2293 2730 Scipio

282 2734 610 2817 profectus
659 2731 738 2797 ad
786 2733 1176 2797 destinatam
1222 2732 1379 2797 belli
1423 2735 1691 2815 partem.

458 2820 760 2886 XXXIII.
832 2819 1202 2885 Hasdrubal
1258 2823 1602 2924 postquam
1659 2772 2116 2886 animadvertit
2166 2824 2294 2888 exi-

283 2932 481 2995 guum
518 2909 882 2974 Romanum
929 2908 1280 2973 exercitum
1326 2909 1395 2974 in
1441 2909 1671 2974 castris
1717 2912 1781 2974 et
1821 2932 2002 3011 spem
2039 2931 2294 2976 omnem

285 2998 354 3061 in
382 2996 849 3063 Celtiberorum
887 2997 1147 3063 auxiliis
1185 3019 1344 3081 esse,
1380 2997 1630 3082 peritus
1668 2999 1879 3071 omnis
1917 2999 2292 3066 barbaricae
2332 3013 2365 3058 2

283 3089 350 3150 et
392 3085 735 3169 praecipue
787 3086 1128 3167 [omnium]
1178 3108 1398 3151 earum
1444 3086 1754 3170 gentium,
1800 3087 1870 3152 in
1907 3088 2140 3172 quibus
2178 3111 2296 3174 per
2411 3100 2421 3111 '

281 3176 386 3238 tot
425 3194 628 3238 annos
665 3175 1010 3258 militabat,
1047 3175 1374 3259 perfidiae,
1411 3175 1588 3240 facili
1627 3174 1887 3259 linguae
1922 3179 2293 3260 commerciO,
2332 3188 2364 3234 3

281 3283 427 3327 cum
490 3264 765 3345 utraque
827 3266 1040 3327 castra
1102 3264 1296 3346 plena
1358 3263 1801 3345 Hispanorum
1865 3268 2102 3347 essent,
2177 3285 2294 3347 per

281 3349 538 3415 occulta
574 3350 919 3434 conloquia
948 3351 1302 3433 paciscitur
1341 3372 1578 3435 magna
1606 3350 1894 3415 mercede
1924 3373 2069 3416 cum
2100 3349 2294 3416 Celti-

283 3438 582 3504 berorum
640 3439 1069 3523 principibus,
1128 3442 1202 3504 ut
1262 3441 1479 3523 copias
1539 3439 1690 3503 inde
1747 3438 2087 3506 abducant.
2175 3461 2293 3504 nec
2329 3452 2363 3498 4

283 3528 467 3590 atrox
512 3526 725 3591 visum
769 3527 1046 3611 facinus3
1092 3548 1223 3592 non
1271 3528 1443 3593 enim
1488 3530 1564 3591 ut
1606 3528 1676 3592 in
1712 3526 2041 3594 Romanos
2088 3532 2294 3594 verte·

383 3636 610 3681 nux-1.
661 3641 752 3682 111.
1832 3636 1863 3686 7
