2654 3913
373 174 500 237 158
733 172 948 226 LIBER
982 172 1176 227 XXVI.
1253 172 1404 226 cAP.
1444 179 1527 227 39.
1608 173 1680 244 [a.
1721 172 1784 227 U.
1824 190 1868 227 c.
1909 174 2037 244 544]

296 330 331 379 6
369 319 538 383 sicut
573 321 723 382 ante
762 317 1007 383 dictum
1047 320 1173 400 est,
1211 316 1430 382 efficit.
1506 316 1659 382 huic
1695 318 1778 383 ab
1815 316 2022 401 Regio
2061 317 2390 400 profectae

369 406 562 472 classi
606 406 1030 472 Democrates
1087 427 1233 470 cum
1286 406 1432 489 pari
1488 406 1735 487 [classi]
1791 406 2054 469 navium
2100 405 2393 469 Tarenti-

367 516 599 560 narum
626 516 892 560 numero
923 494 1746 590 quindecimmmssliafng
1768 494 1848 559 ab
1877 494 2036 558 urbe
2065 493 2146 557 ad
2176 492 2389 576 Sapri-

301 596 331 644 7
369 588 623 667 portem
670 584 896 648 obvius
925 575 1318 648 ,fuitsffifflis
1364 586 1506 646 tum
1552 582 1721 647 forte
1766 582 2137 665 inprovidus
2184 581 2393 646 futuri

370 671 740 736 certaminis
778 670 1107 739 Romanus
1152 671 1481 754 veniebat3
1530 670 1643 735 sed
1684 671 1855 736 circa
1891 668 2240 736 Crotonem
2280 668 2392 753 Sy-

369 760 708 844 barimque
754 759 1166 843 suppleverat
1201 759 1475 843 remigio
1517 759 1729 843 navis,
1773 759 2286 843 instructamque
2326 761 2393 821 et

371 853 688 911 armatam
751 848 1007 932 egregie
1079 868 1197 931 pro
1262 847 1708 931 magnitudine
1781 848 2041 912 navium
2116 847 2391 911 classem

299 946 332 995 8
369 934 672 998 habebat.
750 940 816 997 et
859 938 1000 998 tum
1048 934 1216 999 forte
1262 936 1385 999 sub
1432 935 1602 999 idem
1648 938 1907 1019 tempus
1956 939 2024 999 et
2068 934 2247 1000 venti
2291 934 2391 997 vis

372 1022 579 1088 omnis
627 1022 856 1086 cecidit
893 1025 960 1085 et
991 1021 1214 1086 hostes
1251 1022 1318 1085 in
1359 1026 1708 1105 conspectu
1742 1022 1949 1106 fuere,
1986 1027 2062 1087 ut
2098 1023 2182 1087 ad
2220 1043 2389 1087 com—

368 1110 666 1194 ponenda
693 1111 1092 1174 armamenta
1131 1109 1724 1194 expediendumque
1759 1110 2074 1193 remigem
2112 1131 2187 1174 ac
2224 1109 2395 1174 mili-

300 1211 332 1258 9
369 1203 505 1263 tem
552 1198 634 1263 ad
677 1197 1018 1262 imminens
1066 1200 1389 1263 certamen
1425 1198 1587 1262 satis
1623 1197 1940 1282 temporis
1979 1201 2167 1262 esset.
2241 1219 2392 1261 raro

374 1287 540 1351 alias
585 1288 786 1352 tantis
827 1286 1060 1351 animis
1100 1286 1311 1351 iustae
1350 1289 1807 1352 concurrerunt
1844 1285 2113 1369 classes,
2150 1286 2394 1369 quippe

375 1398 519 1441 cum
547 1376 618 1441 in
757 1376 909 1461 ’ogis
938 1374 1284 1441 discrimen
1310 1375 1432 1459 rei,
1468 1396 1661 1459 quam
1691 1374 1871 1459 ipsae
1901 1377 2112 1458 erant,
2146 1394 2393 1459 pugna-

269 1476 336 1524 10
373 1468 545 1530 rent:
589 1454 955 1548 Tarentii'ii,
1008 1467 1082 1543 ut
1126 1466 1506 1547 recuperata
1550 1463 1710 1528 urbe
1756 1463 1838 1528 ab
1885 1461 2197 1527 Romanis
2242 1465 2395 1546 post

376 1552 795 1618 centesimum
842 1574 1043 1636 prope
1092 1573 1332 1616 annum
1382 1572 1593 1616 arcem
1632 1551 1827 1616 etiam
1861 1551 2242 1634 liberarent,
2280 1571 2392 1633 spe

376 1645 768 1707 commeatus
818 1661 1072 1723 quoque
1109 1640 1431 1723 hostibus,
1478 1640 1535 1703 si
1578 1639 1798 1704 navali
1842 1639 2092 1721 proelio
2138 1659 2395 1722 posses-

166 1812 171 1817 ·
271 1741 334 1788 11
378 1730 624 1794 sionem
677 1727 880 1791 maris
940 1726 1357 1811 ademissent,
1414 1727 1904 1809 interclusuros;
1958 1726 2266 1808 Romani,
2321 1729 2395 1790 ut

373 1819 626 1880 retenta
660 1813 1070 1898 possessione
1108 1814 1276 1879 arcis
1315 1813 1731 1878 ostenderent
1762 1834 1896 1877 non
1924 1814 1991 1877 vi
2029 1835 2103 1878 ac
2127 1813 2394 1896 virtute,

273 1917 335 1965 12
376 1904 486 1970 sed
531 1901 894 1988 proditione
942 1923 1017 1968 ac
1050 1901 1226 1968 furto
1264 1900 1622 1967 Tarentum
1660 1902 1990 1969 amissum.
2058 1902 2277 1986 itaque
2317 1922 2396 1966 ex

374 1997 648 2078 utraque
710 1996 898 2076 parte
966 1992 1150 2077 signo
1216 1992 1367 2057 dato
1431 2012 1576 2056 cum
1636 1991 1867 2057 rostris
1924 1991 2397 2057 concurrissent

375 2104 583 2167 neque
618 2085 794 2147 retro
831 2102 1061 2147 navem
1090 2080 1464 2145 inhiberent
1499 2101 1619 2144 nec
1656 2079 1875 2144 dirimi
1912 2079 1993 2145 ab
2033 2102 2101 2145 se
2139 2079 2394 2143 hostem

375 2174 780 2254 paterentur,
825 2191 1018 2253 quam
1065 2168 1209 2251 quis
1246 2168 1549 2252 indeptus
1594 2188 1824 2233 navem
1872 2173 2014 2232 erat
2049 2168 2259 2231 ferrea
2303 2168 2396 2231 in-

376 2261 545 2322 iecta
589 2278 813 2336 manu,
857 2256 954 2319 ita
999 2256 1424 2321 conserebant
1464 2277 1541 2319 ex
1575 2256 1937 2338 propinquo
1974 2276 2285 2338 pugnam,
2322 2258 2398 2318 ut

375 2364 507 2408 non
553 2343 907 2406 missilibus
962 2345 1247 2425 tantum,
1305 2341 1417 2405 sed
1462 2341 1699 2426 gladiis
1751 2342 1951 2405 etiam
2004 2362 2204 2424 prope
2251 2362 2396 2405 con-

275 2445 339 2492 13
376 2434 512 2497 lato
549 2430 709 2514 pede
738 2431 1067 2513 gereretur
1104 2450 1227 2494 res.
1306 2450 1541 2513 prorae
1574 2429 1745 2494 inter
1782 2451 1850 2494 se
1887 2430 2143 2495 iunctae
2174 2429 2395 2494 haere·

377 2522 563 2599 bant,
608 2539 854 2602 puppes
903 2518 1114 2582 alieno
1160 2517 1434 2603 remigio
1481 2517 2103 2602 circumagebantur.
2185 2519 2280 2582 ita
2325 2517 2396 2582 in

381 2613 522 2674 arto
569 2608 848 2691 stipatae
895 2609 1081 2672 erant
1106 2627 1342 2690 naveS,
1386 2609 1462 2670 ut
1498 2605 1606 2670 vix
1640 2607 1847 2671 ullum
1882 2607 2085 2671 telum
2126 2606 2196 2670 in
2230 2606 2396 2670 mari

380 2718 618 2763 vanum
662 2695 1098 2779 intercideret3
1141 2694 1464 2760 frontibus
1512 2695 1691 2759 velut
1723 2694 2043 2779 pedestris
2083 2695 2252 2760 acies
2294 2717 2395 2759 ur-

279 2798 344 2846 14
381 2787 651 2872 gebant,
695 2783 1080 2868 perviaeque
1123 2804 1320 2848 naves
1366 2782 1806 2868 pugnantibus
1857 2786 2055 2848 erant.
2120 2782 2396 2866 insignis

380 2881 600 2939 tamen
645 2873 820 2938 inter
864 2876 1109 2937 ceteras
1152 2890 1374 2956 pugna
1424 2870 1551 2936 fuit
1594 2871 1891 2954 duarum,
1938 2891 2103 2954 quae
2146 2871 2396 2955 primae

278 2974 342 3020 15
383 2962 715 3045 agminum
761 2962 1216 3024 concurrerant
1257 2961 1429 3022 inter
1464 2980 1551 3024 se.
1623 2960 1692 3023 in
1728 2959 2024 3023 Romana
2057 2980 2222 3023 nave
2258 2959 2396 3042 ipse

382 3048 720 3124 Quinctius
778 3050 941 3131 erat,
994 3047 1065 3112 in
1116 3047 1475 3111 Tarentina
1528 3045 1691 3112 Nico
1700 3097 1719 3132 ,
1784 3048 1886 3111 cui
1939 3046 2211 3113 Perconi
2274 3046 2399 3112 fuit

385 3155 773 3222 cognomen,
815 3156 949 3200 non
991 3135 1253 3219 publico
1300 3134 1492 3199 modo
1546 3135 1659 3199 sed
1703 3135 1959 3218 privato
2007 3136 2203 3201 etiam
2251 3136 2395 3201 odio

382 3225 628 3290 invisus
693 3227 884 3307 atque
947 3222 1220 3288 infestus
1274 3221 1616 3307 Romanis,
1680 3223 1849 3307 quod
1903 3224 2042 3289 eius
2096 3223 2397 3290 factionis

282 3326 347 3372 16
389 3315 555 3396 erat,
593 3333 756 3396 quae
793 3310 1150 3376 Tarentum
1185 3309 1541 3375 Hannibali
1575 3312 1963 3395 prodiderat.
2032 3311 2138 3377 hic
2167 3311 2397 3386 Quinc-

384 3399 548 3462 tium
606 3399 797 3464 simul
855 3403 1256 3484 pugnantem
1308 3398 1810 3483 hortantemque
1865 3420 2015 3464 suos
2051 3397 2398 3463 ‘incautum

385 3484 580 3546 hasta
614 3486 971 3569 transfigit,
1008 3489 1198 3569 atque
1235 3486 1347 3550 ille
1383 3507 1690 3571 praeceps
1722 3508 1868 3551 cum
1899 3487 2094 3551 armis
2120 3486 2400 3568 procidit
