2654 3913
342 223 468 289 164
636 221 853 279 LIBER
888 222 1084 278 XXVI.
1159 221 1309 278 CAP.
1349 230 1436 281 42.
1475 230 1558 279 43.
1634 230 1710 295 [a.
1750 223 1813 278 U.
1854 240 1898 279 c.
1939 225 2067 295 544]

338 368 724 453 quibusdam
779 368 1224 453 suadentibuS,
1278 372 1380 453 ut,
1436 344 1739 453 quoniam
1791 369 1860 433 in
1912 370 2032 434 tris
2077 372 2216 434 tam
2263 369 2355 433 di-

337 479 557 522 versas
612 456 910 543 regiones
964 420 1415 538 discessissent
1457 457 1686 523 Punici
1742 457 2084 542 exercitus,
2136 458 2356 542 proxi-

337 568 516 611 mum
563 534 1042 631 adgrederetur,
1085 545 1443 629 periculum
1488 568 1629 612 esse
1675 550 1853 611 ratus
1863 596 1881 630 ,
1924 567 2006 610 ne
2053 567 2128 611 eo
2175 545 2353 612 facto

337 635 408 700 in
452 656 650 699 unum
705 655 925 700 omnes
981 634 1419 718 contraheret,
1472 656 1594 701 nec
1645 656 1765 718 par
1820 638 1988 700 esset
2040 656 2205 699 unus
2251 638 2357 699 tot

340 723 756 807 exercitibus,
818 721 1280 808 Carthaginem
1333 721 1590 788 Novam
1652 723 1916 789 interim
1980 742 2357 809 oppugnare

268 820 302 869 8
339 813 598 896 statuit,
643 812 869 877 urbem
906 833 1051 877 cum
1085 812 1297 896 ipsam
1335 812 1712 895 opulentam
1748 812 1881 879 suis
1918 812 2178 896 opibuS,
2212 814 2355 876 tum

338 900 626 965 hostium
673 901 848 965 omni
903 900 1140 966 bellico
1196 904 1513 985 apparatu
1566 901 1830 984 plenam
1880 936 1954 947 -—
2007 900 2102 965 ibi
2157 921 2356 983 arma,

337 988 432 1052 ibi
492 988 789 1073 pecunia,
851 989 946 1053 ibi
1007 989 1210 1054 totius
1264 988 1623 1073 Hispaniae
1687 988 1946 1054 obsides
2012 992 2198 1060 erant
2256 1025 2332 1035 —

268 1087 304 1135 4
341 1077 535 1140 sitam
572 1081 908 1159 praeterea
946 1098 1091 1141 cum
1121 1081 1484 1161 opportune
1522 1078 1601 1141 ad
1627 1077 2056 1142 traiciendum
2085 1076 2153 1141 in
2180 1077 2356 1144 Afri·

340 1186 509 1249 cam,
544 1167 687 1229 tum
723 1186 912 1249 super
947 1169 1210 1249 portum
1245 1166 1404 1231 satis
1436 1166 1721 1251 amplum
1749 1166 2132 1249 quantaevis
2162 1165 2356 1230 classi

342 1256 408 1318 et
449 1252 667 1318 nescio
717 1276 801 1319 an
846 1276 1041 1319 unum
1087 1254 1159 1319 in
1202 1253 1558 1339 Hispaniae
1607 1275 1747 1338 ora,
1803 1275 1930 1337 qua
1973 1256 2195 1318 nostro
2245 1253 2357 1317 ad·

270 1348 314 1401 5
338 1342 509 1408 iacet
544 1343 726 1408 mari.
805 1364 996 1407 nemo
1035 1343 1348 1428 omnium,
1387 1365 1512 1427 quo
1551 1343 1780 1427 iretur,
1818 1340 2062 1407 sciebat
2096 1345 2356 1425 praeter

342 1427 411 1495 O.
448 1430 758 1496 Laelium.
837 1432 894 1497 is
940 1431 1144 1496 classe
1191 1432 1667 1496 circummissus
1712 1432 1809 1495 ita
1854 1430 2176 1495 moderari
2220 1451 2358 1495 cur-

341 1541 484 1583 sum
526 1520 792 1584 navium
826 1520 1037 1585 iussus
1084 1523 1250 1603 erat,
1295 1524 1371 1584 ut
1408 1520 1632 1585 eodem
1676 1523 1967 1602 tempore
2010 1516 2228 1602 Scipio
2274 1519 2356 1582 ab

339 1611 515 1673 terra
563 1609 908 1674 exercitum
955 1607 1324 1673 ostenderet
1370 1612 1437 1671 et
1482 1608 1705 1673 classis
1750 1611 2017 1690 portum
2060 1606 2357 1672 intraret.

272 1705 303 1751 6
344 1696 618 1779 septimo
664 1696 766 1760 die
813 1697 894 1761 ab
930 1694 1178 1760 Hibero
1218 1693 1687 1778 Carthaginem
1724 1699 1989 1760 ventum
2026 1699 2126 1759 est
2161 1695 2356 1760 simul

338 1786 514 1848 terra
540 1783 849 1865 marique.
923 1786 1137 1847 castra
1174 1783 1255 1846 ab
1283 1783 1549 1866 regione
1576 1782 1756 1846 urbis
1767 1832 1784 1864 ,
1814 1804 1942 1866 qua
1977 1782 2044 1845 in
2080 1787 2356 1865 septem·

339 1870 618 1935 trionem
662 1892 850 1935 versa
897 1873 1021 1953 est,
1065 1870 1306 1953 posita3
1351 1870 1454 1933 his
1502 1870 1583 1934 ab
1630 1873 1817 1954 tergo
1863 1906 1939 1915 -—-
1979 1891 2134 1934 nam
2173 1869 2355 1934 frons

271 1971 301 2019 7
340 1964 572 2025 natura
615 1963 762 2024 tuta
807 1963 949 2026 erat
999 1996 1073 2007 -—
1126 1960 1364 2044 duplex
1409 1960 1652 2024 vallum
1699 1960 2039 2025 obiectum.
2116 1959 2357 2024 etenim

342 2050 471 2114 sita
535 2047 860 2134 Carthago
928 2048 1021 2114 sic
1085 2053 1209 2115 est:
1275 2049 1453 2114 sinus
1521 2052 1619 2114 est
1682 2049 1880 2114 maris
1946 2048 2158 2114 media
2220 2048 2356 2112 fere

339 2137 694 2221 Hispaniae
734 2161 874 2223 ora,
912 2137 1190 2203 maxime
1223 2137 1446 2203 Africo
1485 2139 1678 2202 vento
1720 2139 2084 2221 oppositus,
2120 2137 2207 2202 ad
2236 2137 2358 2202 duo

339 2227 521 2290 milia
567 2230 632 2290 et
677 2227 1065 2310 quingentos
1110 2248 1344 2309 passus
1393 2227 1714 2291 introrsus
1758 2229 2079 2290 retractus
2089 2275 2107 2309 ,
2160 2225 2355 2308 paulo

338 2314 486 2395 plus
548 2314 719 2377 mille
780 2319 838 2376 et
887 2315 1172 2378 dzwmtos
1227 2335 1478 2395 passus,
1518 2314 1585 2377 in
1641 2312 2051 2377 latitudinem
2105 2317 2357 2394 patens,

270 2410 303 2458 8
340 2399 529 2464 huius
573 2399 642 2464 in
687 2400 855 2464 ostio
901 2401 1078 2464 sinus
1123 2422 1327 2484 parva
1371 2400 1583 2464 insula
1628 2400 1881 2464 obiecta
1917 2400 2001 2463 ab
2041 2399 2174 2464 alto
2213 2421 2358 2483 por-

338 2492 478 2554 tum
507 2488 588 2553 ab
620 2488 919 2554 omnibus
947 2488 1157 2552 ventis
1194 2492 1650 2572 praeterquam
1677 2488 1916 2553 ‘Africo
1932 2492 2143 2555 tutum
2179 2487 2358 2554 facit.

342 2577 425 2643 ab
470 2577 701 2642 intimo
759 2577 904 2643 sinu
956 2577 1339 2662 paeninsula
1395 2577 1700 2663 excurrit,
1752 2577 2043 2642 tumulus
2098 2578 2154 2642 is
2198 2577 2357 2661 ipse,

340 2669 410 2733 in
455 2689 582 2752 quo
639 2667 897 2733 condita
948 2667 1104 2731 urbs
1152 2669 1278 2748 est,
1337 2667 1418 2731 ab
1476 2669 1626 2731 ortu
1682 2665 1840 2731 solis
1897 2670 1963 2730 et
2010 2689 2048 2730 a
2093 2666 2360 2731 meridie

341 2756 555 2821 cincta
591 2757 781 2840 mari3
819 2757 902 2821 ab
942 2776 1171 2821 occasu
1207 2759 1516 2838 stagnum
1562 2753 1807 2820 claudit
1851 2754 2122 2838 paulum
2158 2756 2357 2819 etiam

343 2843 426 2908 ad
481 2845 1012 2929 septemtrionem
1065 2843 1310 2927 fusum,
1363 2844 1647 2908 incertae
1703 2843 2064 2908 altitudinis
2110 2846 2359 2909 utcum-

270 2943 303 2990 9
343 2955 465 3017 que
493 2936 829 2998 exaestuat
857 2937 971 2998 aut
997 2932 1212 2997 deficit
1239 2954 1432 2997 mare.
1496 2932 1855 2997 continenti
1881 2931 2106 2996 urbem
2133 2932 2360 3016 iugum

342 3020 649 3085 ducentos
687 3020 824 3086 fere
862 3025 927 3085 et
962 3021 1437 3122 quinquaginta
1471 3041 1705 3103 passus
1740 3023 1970 3104 patens
2009 3020 2362 3104 coniungit.

340 3107 507 3186 unde
554 3129 698 3172 cum
742 3113 878 3172 tam
922 3109 1108 3191 parvi
1154 3110 1366 3191 operis
1406 3109 1681 3173 munitio
1720 3111 1917 3192 esset,
1952 3130 2087 3173 non
2124 3109 2364 3173 obiecit

239 3208 306 3256 10
342 3190 585 3262 vallum
611 3194 979 3279 1mperator
988 3196 1353 3280 RomanuS,
1383 3217 1494 3260 seu
1532 3196 1836 3261 fiduciam
1871 3196 2051 3261 hosti
2088 3197 2361 3281 superbe

344 3290 705 3368 ostentans,
753 3285 889 3351 sive
932 3289 1008 3351 ut
1052 3247 1359 3350 subeunti
1396 3306 1588 3367 saepe
1628 3284 1708 3349 ad
1747 3284 2002 3350 moenia
2038 3285 2215 3350 urbis
2262 3305 2362 3348 re-

276 3384 301 3428 1
343 3395 565 3440 cursus
610 3377 881 3457 pateret.
971 3373 1200 3438 XLIII.
1258 3377 1497 3456 cetera,
1554 3394 1718 3457 quae
1764 3372 2114 3438 munienda
2158 3374 2364 3453 erant,

343 3480 487 3523 cum
539 3461 947 3542 perfecisset,
1002 3483 1197 3526 naves
1253 3462 1452 3526 etiam
1497 3461 1567 3525 ιιι
1610 3466 1832 3546 portu,
1886 3461 2063 3526 velut
2115 3458 2364 3524 mariti-

346 3564 515 3608 mam
561 3569 810 3632 quoque
859 3552 1192 3616 ostentans
1243 3549 1673 3632 obsidionem,
1718 3549 2051 3632 instruxit3
2097 3547 2362 3613 circum·
