2654 3913
620 208 840 263 LIBER
875 207 1048 262 XXV.
1124 210 1275 265 CAP.
1315 217 1400 264 30.
1440 216 1526 267 31.
1605 210 1677 281 [a.
1717 211 1775 266 C.
1815 213 1942 282 212]
2205 214 2290 276 95

278 355 468 419 iussit
526 353 885 438 exponique
944 352 1184 417 milites
1241 353 1507 436 regione
1561 357 1815 438 portae,
1876 376 2038 438 quae
2092 378 2290 440 prope

279 444 522 508 fontem
559 442 951 506 Arethusam
990 444 1104 505 est.
1169 440 1294 506 hoc
1332 462 1475 505 cum
1513 446 1746 534 quarta
1778 442 2009 534 gjgjlia
2046 443 2291 507 factum
2329 456 2361 503 8

282 535 451 596 esset
503 532 956 613 expositosque
1002 530 1244 593 milites
1290 532 1512 613 porta,
1558 523 2078 614 ut‘ffhvenerat,
2121 552 2289 595 rece-

279 620 481 703 pisset
525 618 863 699 MoericuS,
907 618 1049 682 luce
1095 617 1307 702 prima
1352 616 1700 683 Marcellus
1748 619 2045 684 omnibus
2093 620 2292 703 copiis

278 707 535 772 moenia
577 705 986 771 Achradinae
1033 706 1405 790 adgreditur
1449 707 1561 789 ita,
1606 710 1682 771 ut
1725 728 1860 771 non
1906 728 2016 771 eos
2064 708 2291 789 solum,
2330 720 2361 767 9

279 797 388 879 qui
433 794 874 860 Achradinam
903 795 1264 876 tenebant,
1319 796 1389 858 in
1445 816 1512 858 se
1570 798 1995 879 converteret,
2052 795 2180 860 sed¹
2211 797 2292 859 ab

276 883 457 949 Naso
516 883 713 947 etiam
770 882 1034 965 agmina
1089 886 1487 947 armatorum
1542 887 1997 948 concurrerent
2049 882 2292 948 relictis

280 971 676 1037 stationibus
716 971 847 1034 suis
886 971 964 1034 ad
1000 970 1133 1034 vim
1174 975 1238 1036 et
1264 972 1578 1055 impetum
1606 970 2050 1037 Romanorum
2079 992 2292 1036 arcen-

280 1061 452 1124 duml
539 1059 607 1122 in
649 1057 775 1123 hoc
817 1059 1102 1122 tumultu
1148 1059 1473 1123 actuariae
1516 1082 1714 1125 naves
1759 1061 2115 1125 instructae
2162 1062 2293 1124 iam
2318 1074 2449 1120 102

279 1151 427 1212 ante
492 1147 1078 1230 circumvectaeque
1144 1147 1224 1210 ad
1279 1147 1531 1222 Nasum
1595 1152 1882 1214 armatos
1949 1154 2295 1232 exponunt,

281 1236 390 1320 qui
437 1236 766 1319 inproviso
816 1235 1025 1299 adorti
1069 1235 1455 1316 semiplenas
1490 1236 1810 1300 stationes
1850 1241 1915 1300 et
1952 1237 2294 1319 adapertas

279 1326 448 1389 fores
495 1326 742 1407 portae,
790 1344 917 1405 qua
953 1321 1150 1405 paulo
1189 1326 1339 1385 ante
1378 1328 1787 1386 excurrerant
1825 1325 2079 1404 armati,
2123 1325 2290 1387 haud

280 1431 522 1494 magno
570 1408 922 1479 certamine
958 1407 1208 1472 Nasum
1248 1429 1472 1490 cepere
1508 1408 1831 1472 desertam
1867 1410 2295 1491 trepidatione

281 1504 348 1564 et
391 1499 552 1581 fuga
597 1496 955 1561 custodum.
1027 1515 1234 1576 neque
1278 1496 1350 1559 in
1393 1494 1545 1558 ullis
1590 1496 1801 1559 minus
1837 1496 2146 1578 praesidii
2185 1502 2297 1561 aut
2321 1511 2375 1559 11

282 1583 677 1670 pertinaciae
747 1583 828 1647 ad
893 1582 1277 1669 manendum
1344 1605 1538 1666 quam
1601 1584 1669 1646 in
1731 1583 2089 1668 transfugis
2152 1583 2298 1669 fuit,

284 1674 436 1758 quia
487 1694 569 1737 ne
626 1672 760 1736 suis
817 1671 1077 1756 quidem
1133 1671 1293 1735 satis
1351 1672 1678 1736 credentes
1736 1693 1771 1736 e
1825 1672 2035 1736 medio
2094 1677 2296 1737 certa·
2324 1709 2354 1715 -

283 1763 457 1827 mine
517 1761 896 1845 effugerunt.
987 1759 1331 1823 Marcellus
1343 1810 1361 1843 ,
1419 1763 1495 1824 ut
1552 1764 1805 1843 captam
1861 1782 2002 1826 esse
2044 1759 2294 1825 Nasum
2318 1775 2381 1822 12

281 1851 571 1933 comperit
622 1854 689 1913 et
733 1848 1141 1914 Achradinae
1187 1848 1520 1934 regionem
1565 1871 1759 1913 unam
1809 1850 2018 1914 teneri
2062 1849 2296 1915 Moeri-

285 1961 555 2023 cumque
591 1959 730 2004 cum
765 1937 1088 2020 praesidio
1129 1937 1260 2001 suis
1301 1936 1694 2020 adiunctum,
1731 1937 2018 2021 receptui
2048 1939 2296 2024 cecinit,

281 2047 358 2092 nc
410 2028 628 2110 regiae
685 2046 865 2108 opes,
921 2046 1194 2109 quarum
1247 2024 1425 2088 fama
1478 2026 1682 2089 maior
1739 2047 1932 2108 quam
1987 2047 2091 2089 res
2140 2032 2297 2111 erat,

286 2114 731 2197 diriperentur.
768 2108 809 2209 pl

459 2200 693 2265 XXXI.
785 2198 1144 2285 Suppresso
1191 2201 1438 2283 impetu
1483 2201 1765 2264 militum
1778 2202 2027 2304 1ιι-ιῂὶίίει,
2073 2202 2182 2285 qui
2228 2203 2296 2267 in
2337 2215 2362 2261 1

285 2290 656 2357 Achradina
716 2293 924 2374 erant,
982 2288 1342 2374 transfugis
1403 2289 1686 2371 spatium
1740 2290 2046 2374 locusque
2100 2290 2170 2354 fu
2222 2312 2296 2355 ae

285 2380 470 2444 datus
509 2384 624 2462 est,
663 2377 1047 2462 Syracusani
1082 2377 1345 2442 tandem
1380 2378 1571 2443 liberi
1607 2381 1783 2529 [Elem
1810 2379 2021 2462 portis
2048 2311 2310 2443 lschgfass
2332 2393 2363 2439 ⁶2.

287 2468 473 2531 dinae
548 2468 789 2551 apertis
855 2471 1144 2531 oratores
1213 2467 1292 2529 ad
1356 2465 1595 2531 Marcel
1624 2489 1734 2530 um
1798 2468 2068 2564 mtht
2131 2469 2293 2532 nihil
2396 2535 2405 2545 ,
2503 2516 2513 2525 .

287 2554 569 2637 petentis
608 2553 783 2641 aliud
860 2576 1014 2617 uam
1050 2554 1562 2617 incolumitatem
1601 2555 1725 2617 sibi
1762 2545 2113 2636 liberisque
2143 2558 2294 2619 suis.
2381 2542 2562 2622 ff

287 2640 635 2705 Marcellus
695 2575 1007 2703 affl
1022 2639 1330 2703 advocato
1387 2645 1452 2703 et
1509 2639 1815 2703 adhibitis
1863 2641 2062 2703 etiam
2108 2638 2295 2722 Syra·
2334 2655 2365 2701 3

289 2729 562 2809 cusanis‚
611 2725 722 2811 qui
767 2748 883 2810 per
929 2725 1277 2791 seditiones
1322 2726 1494 2808 pulsi
1542 2726 1622 2789 ab
1673 2727 1859 2791 domo
1908 2727 2084 2790 intra
2117 2748 2297 2810 prae-

289 2817 452 2882 sidia
496 2817 791 2881 Romana
835 2814 1110 2898 fuerant,
1154 2814 1488 2898 respondit
1531 2835 1664 2878 non
1708 2814 1896 2899 plura
1921 2835 2058 2904 ⁴per
2093 2835 2295 2880 annos
2333 2829 2367 2876 4

288 2905 755 2989 quinquaginta
790 2903 1128 2968 benefacta
1153 2901 1457 2967 Hieronis
1497 2924 1690 2986 quam
1726 2924 1951 2986 pauc1s
1979 2903 2081 2967 his
2112 2904 2295 2969 annis

287 2993 604 3057 maleficia
651 3014 898 3075 eorum,
946 2991 1058 3077 qui
1104 2989 1454 3075 Syracusas
1500 2992 1851 3075 tenuerint,
1899 3012 2053 3076 erga
2097 3013 2297 3076 popu-

287 3081 422 3145 lum
468 3079 833 3145 Romanum
891 3095 1071 3159 esset
1137 3080 1249 3145 sed
1301 3079 1607 3165 pleraque
1662 3101 1883 3145 eorum
1930 3102 2057 3164 quo
2105 3074 2320 3146 debu?

277 3169 477 3272 Q
515 3169 877 3251 reccidisse,
937 3168 1392 3253 foederumque
1451 3172 1790 3253 ruptorum
1849 3168 2027 3269 ipsos
2088 3191 2126 3233 a
2228 3191 2296 3232 se

286 3257 926 3342 gravioieff‘i'fflslw,
998 3279 1192 3341 quam
1260 3258 1540 3341 populus
1604 3255 1935 3321 Romanus
2001 3256 2295 3337 voluerit,

280 3367 524 3431 poenas
581 3345 887 3429 exegisse.
978 3366 1046 3408 se
1101 3344 1360 3429 quidem
1413 3344 1677 3410 tertium
1735 3366 1973 3409 annum
2031 3344 2294 3408 circum·
2335 3356 2364 3405 5

286 3434 503 3498 sedere
535 3430 908 3517 S'yracusaS,
938 3453 1068 3497 non
1106 3439 1182 3497 ut
1207 3433 1485 3517 populus
1513 3431 1844 3497 Romanus
1874 3454 2123 3497 servam
2154 3453 2294 3497 eam

285 3522 618 3587 civitatem
646 3521 934 3605 haberet,
965 3520 1077 3584 sed
1103 3542 1183 3585 ne
1211 3521 1693 3608 transfugarum
1714 3523 2294 3587 mercennariorum-

2418 3194 2467 3216 a·

2383 3228 2464 3261 οὔ*
