2654 3913
650 204 868 258 LIBER
903 204 1072 259 XXV.
1149 205 1302 261 CAP.
1345 212 1426 261 19.
1505 207 1579 277 [a.
1619 211 1675 261 c.
1714 210 1842 280 212]
2175 211 2258 275 81

240 352 697 431 discesserunt3
742 349 958 430 plures
1009 353 1227 414 tamen
1275 350 1358 415 ab
1398 349 1708 415 Romanis
1746 353 1956 434 primo
2003 354 2260 420 incursu

242 439 531 523 equitum
587 437 969 502 ceciderunt.
1068 435 1227 501 Inde
1295 439 1588 503 consules
1598 488 1616 522 ‚
1676 442 1750 503 ut
1806 444 2169 506 averterent
2220 463 2262 507 a
2300 456 2335 503 6

244 525 468 610 Capua
521 525 986 606 Hannibalem,
1039 529 1254 608 nocte,
1320 547 1481 608 quae
1546 530 1765 590 secuta
1820 530 1945 611 est,
2008 529 2263 614 diversi,

242 613 508 679 Fulvius
546 614 612 678 in
653 633 882 696 agrum
914 610 1299 697 Cumanum,
1335 613 1642 678 Claudius
1679 615 1747 678 in
1783 614 2075 682 Lucanos
2106 619 2262 685 abit.

241 707 500 786 postero
549 702 679 784 die,
727 722 870 765 cum
916 722 1120 766 vacua
1166 705 1382 765 castra
1425 700 1865 768 Romanorum
1919 726 2059 769 esse
2105 726 2263 770 nun-
2301 717 2333 766 7

242 792 480 855 tiatum
525 788 883 854 Hannibali
931 793 1105 853 esset
1151 793 1217 853 et
1261 790 1510 854 duobus
1560 792 1924 875 agminibus
1972 793 2261 858 diversos

242 878 485 961 abisse,
531 878 812 942 incertus
857 877 1093 961 primo,
1139 880 1357 941 utrum
1406 882 1799 962 sequeretur,
1843 878 2128 964 Appium
2166 882 2261 945 in·

244 965 416 1031 stitit
464 966 664 1050 sequi.
753 965 864 1029 ille
912 965 1343 1029 circumducto
1398 965 1615 1051 hoste,
1672 988 1798 1050 qua
1841 969 2072 1054 voluit,
2132 970 2258 1035 alio
2298 979 2331 1028 8

241 1054 473 1117 itinere
522 1054 600 1116 ad
649 1051 934 1136 Capuam
979 1053 1166 1118 redit.

420 1140 775 1206 Hannibali
821 1141 952 1205 alia
997 1142 1067 1205 in
1103 1141 1203 1205 his
1246 1141 1408 1206 locis
1446 1143 1609 1207 bene
1647 1143 1960 1226 gerendae
1996 1145 2091 1209 rei
2135 1145 2259 1210 for-
2298 1156 2332 1206 9

239 1232 401 1293 tuna
438 1229 660 1294 oblata
698 1233 814 1296 est.
874 1229 961 1293 M.
992 1227 1340 1295 Centenius
1377 1230 1506 1295 fuit
1540 1232 1923 1316 cognomine
1958 1233 2262 1315 Paenula,

241 1317 514 1402 insignis
573 1318 745 1382 inter
803 1317 999 1401 primi
1058 1317 1176 1401 pili
1232 1318 1638 1383 centuriones
1697 1323 1763 1383 et
1816 1321 2261 1404 magnitudine

241 1406 528 1488 corporis
577 1410 644 1469 et
689 1405 926 1470 anim0.
1015 1406 1071 1470 is
1130 1405 1505 1489 perfunctus
1551 1406 1789 1470 militia
1832 1429 1948 1490 per
1992 1408 2063 1472 P.
2110 1407 2257 1473 Cor·
2301 1421 2371 1469 10

240 1493 487 1556 nelium
524 1490 768 1557 Sullam
804 1496 1172 1575 praetorem
1209 1494 1279 1556 in
1315 1497 1614 1557 senatum
1651 1494 2059 1558 introductus
2096 1496 2262 1578 petit

243 1603 284 1644 a
328 1581 650 1664 patribus,
711 1581 807 1645 uti
865 1581 990 1645 sibi
1045 1582 1327 1665 quinque
1374 1581 1557 1646 milia
1600 1582 1878 1646 militum
1931 1582 2260 1647 darentur:

244 1689 313 1732 se
357 1669 638 1752 peritum
696 1672 763 1733 et
814 1669 1023 1733 hostis
1081 1673 1148 1733 et
1201 1671 1540 1754 regionum
1598 1670 1782 1735 brevi
1835 1692 2067 1754 operae
2120 1693 2259 1755 pre·
2300 1684 2364 1732 11

241 1756 403 1820 tium
451 1757 776 1823 facturum
814 1760 904 1842 et,
939 1758 1174 1842 quibus
1213 1758 1464 1823 artibus
1505 1758 1582 1823 ad
1620 1758 1686 1822 id
1726 1759 2014 1823 locorum
2050 1761 2261 1825 nostri

243 1848 308 1907 et
353 1844 544 1909 duces
592 1850 658 1910 et
703 1846 1023 1911 exercitus
1071 1847 1247 1928 capti
1282 1848 1524 1930 forent,
1571 1847 1652 1911 iis
1702 1847 2004 1912 adversus
2040 1849 2261 1913 inven-

239 1935 451 1998 torem
487 1955 772 1999 usurum.
843 1933 909 1998 id
947 1954 1081 1998 non
1114 1935 1507 2017 promissum
1546 1935 1758 2020 magis
1797 1937 2028 2001 stolide
2066 1960 2260 2021 quam
2300 1949 2364 1997 12

244 2021 478 2085 stolide
525 2022 860 2106 creditum,
905 2026 1239 2105 tamquam
1285 2024 1543 2088 eaedem
1590 2024 1904 2089 militares
1954 2029 2019 2089 et
2059 2026 2258 2107 impe-

242 2109 525 2174 ratoriae
586 2109 757 2173 artes
819 2113 1048 2175 essent.
1142 2111 1294 2175 data
1351 2133 1469 2195 pro
1531 2112 1809 2196 quinque
1870 2116 2014 2176 octo
2076 2113 2258 2176 milia
2300 2126 2366 2174 13

244 2196 555 2280 militum,
600 2218 752 2280 pars
800 2196 1067 2261 dimidia
1113 2199 1309 2281 civeS‚
1368 2221 1518 2284 pars
1577 2200 1751 2265 socii.
1843 2203 1909 2264 et
1953 2201 2092 2283 ipse
2141 2201 2259 2264 ali-

244 2287 555 2368 quantum
601 2286 1112 2351 voluntariorum
1156 2288 1228 2351 in
1272 2288 1502 2352 itinere
1540 2310 1617 2352 ex
1655 2288 1830 2374 agris
1869 2289 2149 2353 concivit
2184 2310 2259 2353 ac

241 2394 441 2457 prope
480 2373 807 2457 duplicato
846 2376 1125 2440 exercitu
1161 2376 1231 2440 in
1257 2376 1552 2442 Lucanos
1587 2378 1907 2460 pervenit,
1942 2377 2055 2441 ubi
2082 2377 2259 2442 Han-

241 2462 418 2525 nibal
462 2463 852 2546 nequiquam
899 2467 1155 2528 secutus
1205 2462 1545 2529 Claudium
1601 2466 1995 2530 substiterat.
2086 2466 2258 2531 haud
2299 2478 2367 2526 14

241 2548 439 2612 dubia
473 2569 577 2611 res
616 2552 779 2630 erat,
808 2550 1043 2631 quippe
1082 2552 1250 2613 inter
1278 2550 1712 2615 Hannibalem
1749 2552 1974 2616 ducem
2013 2557 2079 2616 et
2115 2574 2259 2616 cen·

241 2635 592 2718 turionem,
653 2636 1094 2717 exercitusque
1156 2637 1434 2699 alterum
1492 2637 1806 2700 vincendo
1866 2641 2259 2718 veteranum,

245 2724 520 2787 alterum
565 2743 804 2786 novum
850 2723 1091 2804 totum,
1139 2742 1379 2804 magna
1426 2743 1501 2785 ex
1547 2727 1731 2804 parte
1780 2724 1975 2786 etiam
2020 2725 2260 2787 tumul-

242 2813 523 2876 tuarium
570 2831 644 2875 ac
691 2829 1086 2874 semermem.
1160 2813 1234 2872 ut
1281 2816 1625 2893 conspecta
1669 2812 1840 2874 inter
1885 2832 1953 2874 se
2000 2812 2258 2896 agmina
2298 2825 2364 2873 15

245 2901 395 2961 sunt
441 2901 507 2962 et
549 2901 780 2963 neutra
825 2919 978 2981 pars
1017 2897 1401 2963 detrectavit
1439 2918 1753 2984 pugnam,
1798 2900 2119 2982 extemplo
2166 2901 2259 2963 in-

246 2985 526 3048 structae
573 2987 758 3051 acies.
824 2990 1187 3072 pugnatum
1231 2991 1480 3070 tamen,
1524 2991 1601 3051 ut
1642 2988 1713 3052 in
1756 2987 1939 3052 nulla
1981 2988 2127 3071 pari
2171 3010 2257 3072 re,

241 3072 386 3135 diu:
432 3071 589 3135 duas
638 3076 912 3157 amplius
957 3075 1149 3140 horas
1193 3077 1473 3154 constitit
1494 3096 1714 3159 puyna
1749 3096 1852 3159 spe
1884 3078 2257 3159 concitante,

243 3159 443 3224 donec
489 3158 617 3223 dux
663 3162 872 3245 stetit,
915 3161 1277 3229 Romanam
1323 3165 1544 3229 aciem.
1630 3171 1979 3249 postquam
2021 3165 2079 3228 is
2124 3186 2257 3229 non
2298 3176 2365 3223 16

243 3269 362 3331 pro
408 3249 623 3311 vetere
677 3248 855 3311 fama
899 3252 1133 3336 solum,
1180 3253 1292 3317 sed
1342 3253 1538 3316 etiam
1598 3259 1775 3317 metu
1829 3252 2034 3316 futuri
2077 3250 2260 3313 dede-

245 3336 439 3418 coriS‚
500 3336 557 3400 si
613 3358 729 3399 sua
787 3338 1154 3404 temeritate
1219 3345 1587 3404 contractae
1648 3339 1815 3404 cladi
1875 3341 2258 3421 superesset,

245 3424 576 3489 obiectans
624 3445 692 3487 se
737 3424 1027 3489 hostium
1070 3428 1221 3492 telis
1278 3428 1531 3511 cecidit,
1589 3426 1735 3491 fusa
1791 3427 2111 3509 extemplo
2160 3431 2261 3490 est

242 3511 534 3576 Romana
580 3513 769 3577 acies.
842 3513 952 3578 sed
1001 3514 1158 3579 adeo
1205 3536 1285 3580 ne
1330 3515 1523 3599 fugae
1571 3515 1830 3599 quidem
1875 3514 2001 3579 iter
2044 3514 2257 3598 patuit
2298 3526 2364 3574 17

234 3658 240 3664 .
348 3624 572 3666 ⁷1¹.1.1v1.
624 3625 714 3666 111.
1793 3624 1825 3669 6
