2654 3913
607 238 814 293 LIBER
856 239 1049 293 XXVI.
1125 238 1280 294 CAP.
1323 246 1403 292 14.
1446 246 1524 293 15.
1602 241 1678 309 [a.
1719 240 1775 292 C.
1814 243 1942 311 211]
2149 242 2276 305 129

261 382 438 468 legio
482 405 612 447 una
659 388 725 447 et
771 383 933 479 Qae
980 383 1123 447 alae
1171 404 1314 446 cum
1354 381 1421 447 C.
1458 382 1685 448 Fulvio
1724 384 1960 468 legatO.
2037 383 2278 474 isdclim
2317 399 2348 445 ‘1

264 471 868 555 omniqurimum
907 493 1086 535 arma
1121 471 1407 554 telaque,
1446 493 1606 554 quae
1644 470 1902 554 Capuae
1940 459 2153 552 erant,
2200 455 2282 535 ad

266 544 749 625 ffion'l‘erenda
776 563 1092 641 curasset,
1120 559 1425 623 custodiis
1456 559 1538 623 ad
1566 581 1788 624 omnes
1816 563 2039 643 portas
2068 557 2282 642 dispo-

266 647 439 731 sitis,
482 669 563 712 ne
612 648 756 731 quis
805 647 976 710 exire
1021 650 1135 711 aut
1180 647 1394 711 emitti
1437 652 1686 732 posset,
1730 648 2123 732 praesidium
2158 645 2282 709 Pu-

197 793 203 797 .
265 735 479 800 nicum
509 734 1024 818 comprehendit,
1062 730 1357 799 senatum
1388 733 1787 819 Campanum
1828 737 1923 801 ire
1959 736 2030 799 in
2068 738 2316 802 castra*

267 823 349 887 ad
402 800 889 907 impfiiaffife‘s‘
877 820 1203 887 Romanos
1258 824 1466 889 iussit.
1555 846 1680 908 qup
1736 846 1881 889 cum
1934 822 2283 905 venissent,
2320 836 2355 885 8

268 911 593 993 extemplo
657 910 737 973 iis
799 910 1096 975 omnibus
1163 915 1429 976 catenae
1493 912 1789 996 iniectae,
1852 912 2168 996 iussique'
2203 911 2285 976 ad

313 1001 644 1063 uaestores
690 997 933 1062 deferre
979 998 1150 1082 quod
1195 1000 1337 1063 auri
1392 1004 1585 1084 atque
1643 1002 1899 1086 argenti
1952 1001 2284 1065 haberent.
2443 1054 2470 1068 -

270 1108 412 1151 aur1
445 1086 663 1171 pondo
702 1085 826 1151 duo
864 1086 1047 1150 milia
1083 1088 1496 1172 septuaginta
1532 1088 1682 1172 fuit,
1719 1090 1976 1173 argenti
2012 1089 2286 1174 triginta
2321 1118 2338 1124 -

269 1174 455 1238 milia
498 1174 710 1257 pondo
757 1177 823 1238 et
880 1175 1059 1239 mille
1115 1175 1436 1246 ducenta?
1500 1182 1826 1242 senatores
1884 1178 2164 1261 quinque
2220 1180 2287 1240 et
2323 1189 2358 1237 9
2429 1232 2467 1262 ¹,

269 1262 499 1346 viginti
527 1261 718 1327 Cales
746 1262 815 1326 in
842 1263 1218 1346 custodiam,
1251 1264 1734 1347 duodetriginta
1762 1265 2053 1329 Teanum
2081 1264 2287 1346 missi,
2371 1261 2434 1328 'ff‘
2471 1303 2478 1314 ->

270 1371 541 1434 quorum
604 1350 683 1413 de
747 1351 1072 1414 sententia
1132 1352 1410 1414 maxime
1472 1350 1782 1415 descitum
1838 1353 1919 1414 ab
1973 1351 2285 1415 Romanis
2456 1349 2494 1414 J

184 1493 185 1496 ,
269 1439 651 1502 constabat·
718 1436 861 1500 XV.
914 1436 992 1500 de
1047 1438 1366 1519 supplicio
1414 1435 1726 1521 Campani
1780 1441 2038 1502 senatus
2088 1435 2288 1501 haud·
2328 1451 2356 1497 1

270 1546 597 1609 quaquam
616 1524 787 1587 inter
804 1522 1104 1588 Fulvium
1125 1521 1592 1608 Claudiumque
1614 1525 2057 1591 conveniebat:
2077 1524 2287 1588 facilis

271 1611 713 1696 impetrandae
767 1612 993 1695 veniae
1040 1610 1345 1676 Claudius
1356 1663 1373 1695 ,
1418 1612 1645 1678 Fulvio
1702 1614 1922 1678 durior
1970 1635 2083 1677 sen
2115 1611 2290 1677 entia

274 1704 433 1784 erat.
502 1700 723 1784 itaque
749 1700 1001 1784 Appius
1030 1698 1305 1765 Romam
1346 1701 1426 1765 ad
1454 1705 1750 1767 senatum
1780 1702 2122 1770 arbitrium
2152 1701 2288 1765 eius
2328 1715 2359 1762 2

271 1790 364 1853 rei
409 1792 619 1853 totum
667 1790 1025 1864 reiciebatzt
1057 1790 1518 1873 percunctandi
1573 1790 1769 1855 etiam
1827 1773 2298 1875 ae'cffiffiffise
2326 1804 2358 1851 3

270 1881 662 1962 potestatem
697 1877 837 1941 fieri
863 1877 1185 1962 patribus,
1220 1899 1374 1942 num
1410 1881 1991 1944 communicassent
2019 1879 2292 1944 consilia

271 1988 416 2031 cum
465 1967 696 2049 aliquis
743 1967 1064 2030 sociorum
1109 1966 1331 2030 Latini
1388 1968 1667 2032 nominis
1716 1969 2292 2051 [municipiorum],

274 2057 338 2117 et
390 2075 543 2117 num
599 2074 720 2135 ope
781 2074 1001 2117 eorum
1065 2054 1134 2117 in
1197 2054 1372 2119 bello
1426 2055 1641 2119 forent
1696 2055 1917 2119 adiuti.
2016 2056 2080 2119 id
2137 2075 2287 2119 vero
2329 2068 2366 2114 4

275 2140 537 2206 minime
592 2140 1124 2204 committendum
1180 2161 1319 2205 esse
1374 2140 1640 2206 Fulvius
1697 2142 1933 2224 dicere,
1988 2145 2062 2206 ut
2118 2142 2292 2205 solli-

274 2230 624 2293 citarentur
680 2228 1056 2293 criminibus
1109 2228 1320 2293 dubiis
1372 2230 1698 2295 ⁴sociorum
1750 2230 2039 2294 fidelium
2096 2230 2294 2294 animi

274 2322 339 2382 et
384 2317 827 2382 subicerentur
869 2317 1215 2400 indicibus,
1263 2318 1406 2402 quis
1451 2338 1641 2401 neque
1682 2320 1836 2402 quid
1876 2320 2142 2385 dicerent
2182 2340 2292 2382 ne-

273 2427 394 2489 que
450 2406 604 2490 quid
657 2406 968 2489 facerent,
1027 2406 1372 2490 quicquam
1434 2430 1739 2492 umquam
1793 2409 1980 2492 pensi
2032 2408 2290 2491 fuisset3

273 2493 492 2576 itaque
540 2515 608 2557 se
655 2515 798 2558 eam
843 2495 1283 2578 quaestionem
1332 2518 1789 2579 oppressurum
1834 2498 2291 2561 extincturum-

276 2600 416 2663 que.
490 2580 571 2644 ab
617 2579 740 2643 hoc
787 2602 1080 2645 sermone
1126 2603 1272 2645 cum
1318 2583 1594 2666 digressi
1640 2588 1883 2666 essent,
1931 2588 1997 2647 et
2039 2583 2288 2666 Appius
2328 2597 2361 2644 5

276 2667 569 2750 quamvis
622 2667 924 2732 ferociter
979 2668 1353 2750 loquentem
1408 2670 1726 2752 collegam
1779 2691 1913 2734 non
1967 2671 2294 2734 dubitaret

274 2760 497 2820 tamen
540 2755 794 2819 litteras
842 2776 1036 2837 super
1079 2758 1266 2819 tanta
1311 2777 1380 2819 re
1423 2756 1503 2820 ab
1542 2757 1754 2821 Roma
1792 2760 2295 2841 expectaturum,

274 2843 564 2926 Fulvius,
609 2865 692 2907 ne
735 2842 804 2906 id
844 2843 1059 2927 ipsum
1096 2843 1627 2926 impedimentum
1662 2845 1918 2928 incepto
1956 2845 2152 2928 foret,
2199 2846 2290 2909 di·
2332 2860 2364 2906 6

276 2931 542 2995 mittens
586 2932 982 3014 praetorium
1026 2931 1308 2997 tribunis
1355 2932 1641 2997 militum
1687 2955 1762 2998 ac
1808 2933 2154 3016 praefectis
2193 2955 2291 2998 so·

276 3021 443 3083 cium
488 3021 859 3104 imperavit,
912 3020 1010 3085 uti
1065 3020 1313 3085 duobus
1360 3021 1622 3086 milibus
1678 3022 1964 3106 equitum
2025 3022 2292 3087 delectis

277 3106 758 3191 denuntiarent,
811 3112 888 3172 ut
940 3108 1022 3173 ad
1077 3108 1342 3174 tertiam
1396 3109 1696 3175 bucinam
1749 3114 2011 3194 praesto
2060 3114 2293 3175 essent.

275 3216 421 3260 cum
466 3196 590 3260 hoc
637 3196 929 3279 equitatu
973 3200 1161 3261 nocte
1200 3197 1485 3262 Teanum
1523 3199 1851 3281 profectus
1892 3199 2104 3281 prima
2151 3198 2292 3261 luce
2332 3209 2362 3256 7

275 3287 533 3367 portam
579 3284 847 3349 intravit
892 3288 1086 3369 atque
1131 3285 1200 3348 in
1245 3285 1455 3350 forum
1547 3286 1805 3349 errexit·
1852 3306 2292 3368 concursuque
2370 3319 2554 3369 ,...--·

275 3371 357 3436 ad
393 3373 675 3456 primum
703 3373 994 3456 equitum
1027 3372 1397 3456 ingressum
1432 3363 1607 3439 facto
1636 3376 2095 3458 magistratum
2125 3370 2291 3436 Sidi-

276 3461 486 3525 cinum
533 3460 738 3533 citari¹
764 3461 960 3525 iussit
1003 3460 1498 3544 imperavitque,
1551 3465 1627 3526 ut
1668 3461 2053 3545 produceret
2100 3458 2293 3524 Cam-

277 3569 505 3633 panos,
552 3566 714 3634 quos
759 3549 831 3614 in
875 3550 1167 3617 custodia
1202 3549 1489 3614 haberet.
1565 3549 1865 3633 producti
1901 3569 2122 3613 omnes
2159 3548 2287 3613 vir-
2327 3561 2361 3607 8

382 3661 433 3702 r.
460 3662 606 3703 απ.
659 3663 750 3702 111.
1830 3658 1861 3706 9
