2654 3913
359 211 485 275 116
691 209 907 264 LIBER
941 209 1134 264 XXVI„
1209 210 1362 264 cAP.
1401 216 1452 265 4.
1490 215 1538 265 ὅ.
1615 211 1691 280 [a.
1729 211 1794 264 U.
1833 226 1879 265 c.
1919 213 2045 280 543]

356 354 696 420 suetudine
745 354 1066 420 cotidiana
1112 355 1272 422 satis
1317 353 1485 419 intre
1535 353 1636 417 ide
1686 353 1829 417 fieri
1872 354 2084 418 visum
2132 358 2259 438 est,
2305 354 2373 418 in

355 464 679 527 campum,
725 443 836 527 qui
880 443 1128 508 medius
1173 444 1346 507 inter
1382 376 1598 523 cafslkzra
1634 463 2015 526 murumque
2053 445 2221 526 erat,
2262 443 2370 508 ad-

283 544 312 593 '2
354 553 579 598 versus
615 532 966 597 instructos
1001 529 1754 615 Campanorumequites
1781 535 2251 632 aggesserunt,
2288 535 2372 614 et,

352 619 465 684 ubi
512 620 596 685 ad
641 620 1011 712 coniectusm
1045 620 1160 696 teli
1205 622 1471 683 ventum
1517 622 1643 702 est,
1704 618 1890 702 signo
1937 617 2088 683 dato
2135 619 2370 684 velites

1020 683 1053 721 t‘
1074 687 1079 694 '
1100 689 1315 721 '’s-flur*

353 703 715 775 desiliunt(
758 707 1075 791 pedestris
1121 706 1271 771 inde
1317 707 1486 772 acies
1534 727 1612 771 ex
1659 708 1952 790 equitatu
1997 710 2263 789 repente
2302 708 2372 771 in

352 796 638 860 hostium
698 797 948 879 equites
1004 796 1304 877 incurrit,
1356 794 1691 878 iaculaque
1746 816 1893 873 cum
1948 795 2192 878 impetu
2238 796 2370 861 alia

281 894 316 943 8
354 904 544 966 super
588 882 1089 982 alga-„emittunt
1170 882 1406 966 quibus
1453 882 1751 965 plurimis
1805 882 1877 947 in
1924 903 2123 966 equos
2168 871 2420 948 vii-”ffi‘ff

357 991 478 1054 que
515 975 767 1078 Effifflm.
800 969 1110 1034 coniectis
1149 969 1508 1051 permultos
1545 969 2073 1054 volneraverunt,
2109 972 2371 1054 pavoris

351 1061 573 1121 tamen
617 1039 764 1140 pisis
791 1078 914 1158 gx,
942 1078 1011 1120 re
1061 1078 1231 1121 nova
1277 1060 1469 1138 atque
1514 1056 1855 1138 inopinata
1893 1058 2208 1146 iniectum
2256 1064 2374 1143 est,
2425 1077 2432 1120 1

354 1147 421 1209 et
454 1144 524 1209 in
558 1145 922 1229 perculsum
950 1144 1207 1209 hostem
1237 1144 1486 1227 equites
1524 1143 1761 1208 invecti
1796 1142 2021 1227 fugam
2060 1150 2373 1230 stragem-

280 1245 313 1292 9
351 1253 474 1317 que
533 1219 763 1299 eorTfiii‘
809 1255 1013 1317 usque
1071 1232 1152 1298 ad
1205 1234 1431 1317 portas
1486 1232 1794 1298 fecerunt.
1884 1231 2032 1295 inde
2078 1235 2371 1316 equitatu

354 1342 608 1407 quoque
655 1322 949 1406 superior
984 1321 1280 1387 Romana
1314 1342 1419 1385 res
1454 1320 1597 1386 fuit.
1668 1318 2069 1405 institutum,
2107 1325 2182 1385 ut
2216 1322 2373 1387 veli-

250 1420 316 1470 ιο
353 1414 454 1513 tes
498 1411 570 1475 in
612 1411 981 1496 legionibus
1028 1414 1260 1477 essent.
1335 1412 1663 1474 auctorem
1707 1406 2000 1490 peditum
2037 1409 2454 1510 equiQ

292 1533 335 1540 -f
354 1498 1298 1651 chnturionem
1329 1497 1402 1573 Q.
1429 1496 1714 1562 Navium
1746 1494 1985 1581 ferunt,
2011 1497 2373 1584 honorique

353 1588 422 1652 id
469 1587 549 1652 e‘·
574 1609 700 1670 apu
787 1591 1246 1670 imperatorem
1290 1585 1508 1651 fuisse.

287 1686 315 1734 1
505 1610 610 1740 ¹'V.
658 1672 820 1738 Cum
849 1675 919 1737 in
945 1674 1069 1738 hoc
1098 1677 1271 1737 statu
1301 1672 1384 1737 ad
1411 1671 1701 1757 Capuam
1729 1694 1833 1737 res
1863 1677 2093 1756 essent,
2126 1672 2372 1738 Hanni·

354 1761 932 1851 balemkdiversum
969 1760 1359 1824 Tarentinae
1396 1762 1561 1823 arcis
1599 1759 1948 1846 potiundae
1987 1756 2242 1843 Capuae
2291 1783 2370 1825 ue

218 1861 316 1910 ΑΞ
353 1845 1115 1912 retinendae-'trahebant
1150 1867 1357 1912 curae.
1439 1847 1596 1910 vicit
1628 1851 1848 1910 tamen
1883 1850 2209 1930 respectus
2304 1870 2369 1913 a·

351 1958 545 2023 puae,
571 1936 643 2001 in
679 1958 870 2022 quam
909 1934 1196 2002 omnium
1225 1934 1547 2000 sociorum
1573 1934 1986 2020 hostiumque
2024 1955 2371 2018 conversos

352 2025 616 2091 videbat
680 2024 960 2109 animos,
1022 2026 1408 2091 documento
1481 2024 1764 2108 futurae,
1839 2025 2371 2110 qualemcumque

284 2127 317 2176 3
357 2118 659 2180 eventum
699 2114 970 2180 defectio
1011 2114 1092 2178 ab
1120 2112 1431 2178 Romanis
1468 2112 1820 2213 habuisset.
1895 2112 2098 2197 igitur
2132 2133 2372 2200 magna

354 2208 542 2286 parte
578 2202 1184 2286 impedimentorum
1219 2202 1450 2266 relicta
1486 2202 1558 2264 iri
1585 2198 1871 2265 *Bruttiis
1908 2204 1977 2265 et
2013 2201 2190 2265 omni
2227 2222 2371 2285 gra-

354 2291 534 2354 viore
579 2293 859 2375 armatu)
878 2309 1020 2353 cum
1067 2288 1333 2353 delectis
1379 2288 1666 2370 peditum
1714 2289 2129 2370 equitumque
2175 2311 2369 2371 quam

353 2378 612 2461 poterat
656 2374 1031 2458 aptissimus
1078 2374 1159 2439 ad
1196 2374 1648 2438 maturandum
1685 2375 1809 2438 iter
1843 2374 1910 2438 in
1951 2372 2372 2457 Campaniam

356 2462 996 2529 contendit*·*secuti
1048 2464 1267 2526 tamen
1318 2465 1458 2525 tam
1510 2462 1749 2545 raptim
1807 2465 2066 2527 euntem
2118 2466 2252 2528 tres
2309 2468 2375 2529 et

283 2564 320 2612 4
354 2550 632 2638 triginta
678 2550 1025 2634 elephanti.
1099 2550 1171 2615 in
1214 2549 1389 2614 valle
1435 2551 1689 2615 occulta
1731 2554 1886 2635 post
1930 2549 2150 2616 Tifata
2193 2573 2373 2617 mon·

355 2644 491 2706 tem
563 2640 1007 2727 imssssillQem
1072 2635 1333 2722 Capuae
1405 2638 1711 2704 consedit.
1811 2639 2158 2705 adveniens
2229 2660 2373 2705 cum

351 2719 696 2817 castellum
732 2720 1057 2793 Galatiam
1099 2726 1425 2811 praesidio
1462 2727 1528 2793 vi
1566 2727 1760 2810 pulso
1798 2727 2100 2811 cepisset,
2144 2728 2215 2790 in
2253 2728 2373 2792 cir·

288 2829 322 2878 5
360 2817 791 2883 cumsedentis
838 2814 1127 2900 Capuam
1182 2836 1250 2880 se
1295 2815 1521 2899 vertit,
1573 2814 2074 2898 praemissisque
2126 2816 2374 2881 nuntiis

360 2904 668 2990 Capuam,
696 2926 821 2988 quo
849 2909 1141 2988 tempore
1169 2908 1384 2968 castra
1410 2904 1706 2968 Romana
1732 2902 2157 2986 adgressurus
2187 2909 2374 2988 esset,

358 2997 433 3058 ut
479 2993 705 3059 eodem
749 2996 817 3057 et
860 2992 959 3056 illi
1005 2991 1087 3056 ad
1132 2991 1535 3073 eruptionem
1577 2991 1790 3074 parati
1827 2990 2035 3073 portis
2072 2993 2374 3058 omnibus

289 3094 321 3142 6
360 3102 500 3146 sese
557 3079 984 3161 effunderent,
1046 3079 1378 3163 ingentem
1432 3079 1734 3162 praebuit
1790 3082 2122 3165 terrngm.
2220 3103 2373 3147 nam
2444 3085 2448 3090 ’

359 3169 492 3237 alia
519 3164 706 3252 parte
733 3188 872 3251 ipse
901 3166 1166 3232 adortus
1195 3169 1319 3250 est,
1349 3166 1481 3231 alia
1508 3144 2095 3252 Campani‘omnes,
2123 3170 2372 3252 equites

358 3258 762 3343 peditesque,
798 3257 865 3320 et
899 3277 1046 3321 cum
1080 3254 1162 3320 iis
1199 3253 1512 3331 Punicum
1546 3255 1967 3338 praesidium,
2003 3257 2104 3322 cui
2141 3255 2374 3321 Bostar

292 3358 320 3404 7
362 3352 429 3411 et
473 3346 707 3410 Hanno
754 3346 1123 3428 praeerant,
1170 3365 1203 3407 e
1240 3366 1282 3407 u
1330 3343 1401 3408 it.
1431 3346 1440 3351 ’
1472 3340 1750 3408 Romani
1787 3347 1861 3409 ut
1895 3345 1965 3408 in
1999 3366 2069 3409 re
2104 3343 2375 3427 trepida,

358 3452 443 3494 ne
489 3433 570 3496 ad
613 3455 807 3497 unam
855 3365 1587 3516 concurrenffiartem
1635 3429 2238 3531 aliquid-indefensi
2279 3453 2406 3497 re-,

291 3528 323 3576 8
360 3516 742 3602 linquerent,
760 3521 856 3585 ita
881 3521 1051 3586 inter
1068 3542 1209 3586 sese
1229 3520 1448 3604 copias
1469 3520 1699 3605 partiti
1717 3523 1893 3586 sunt:
1923 3518 2048 3604 Ap.
2068 3516 2402 3587 Claudius
