<?xml version="1.0" encoding="UTF-8"?>
<!DOCTYPE html PUBLIC "-//W3C//DTD XHTML 1.0 Transitional//EN"
    "http://www.w3.org/TR/xhtml1/DTD/xhtml1-transitional.dtd">
<html xmlns="http://www.w3.org/1999/xhtml" xml:lang="en" lang="en">
 <head>
  <title>
</title>
<meta http-equiv="Content-Type" content="text/html;charset=utf-8" />
  <meta name='ocr-system' content='tesseract 3.04.00' />
  <meta name='ocr-capabilities' content='ocr_page ocr_carea ocr_par ocr_line ocrx_word'/>
</head>
<body>
  <div class='ocr_page' id='page_1' title='image "./aburbeconditali16livygoog_0169.png"; bbox 0 0 2654 3913; ppageno 0'>
   <div class='ocr_carea' id='block_1_1' title="bbox 620 218 2299 291">
    <p class='ocr_par' dir='ltr' id='par_1_1' title="bbox 620 218 2299 291">
     <span class='ocr_line' id='line_1_1' title="bbox 620 218 2299 291; baseline 0.008 -19"><span class='ocrx_word' id='word_1_1' title='bbox 620 218 834 273; x_wconf 81' lang='lat' dir='ltr'>LIBER</span> <span class='ocrx_word' id='word_1_2' title='bbox 867 219 1062 275; x_wconf 79' lang='lat' dir='ltr'><strong>XXVI.</strong></span> <span class='ocrx_word' id='word_1_3' title='bbox 1139 219 1288 276; x_wconf 81' lang='lat' dir='ltr'><strong>CAP.</strong></span> <span class='ocrx_word' id='word_1_4' title='bbox 1329 225 1412 274; x_wconf 83' lang='lat'><strong>40.</strong></span> <span class='ocrx_word' id='word_1_5' title='bbox 1453 225 1538 274; x_wconf 84' lang='lat'><strong>41.</strong></span> <span class='ocrx_word' id='word_1_6' title='bbox 1615 220 1691 291; x_wconf 77' lang='lat' dir='ltr'><strong>[a.</strong></span> <span class='ocrx_word' id='word_1_7' title='bbox 1730 220 1786 274; x_wconf 82' lang='lat'><strong>0.</strong></span> <span class='ocrx_word' id='word_1_8' title='bbox 1827 222 1956 291; x_wconf 82' lang='lat'>210]</span> <span class='ocrx_word' id='word_1_9' title='bbox 2175 223 2299 287; x_wconf 86' lang='grc'><strong>161</strong></span> 
     </span>
    </p>
   </div>
   <div class='ocr_carea' id='block_1_2' title="bbox 224 362 2413 3700">
    <p class='ocr_par' dir='ltr' id='par_1_2' title="bbox 276 362 2413 1682">
     <span class='ocr_line' id='line_1_2' title="bbox 276 362 2409 448; baseline 0.002 -25"><span class='ocrx_word' id='word_1_10' title='bbox 276 368 686 448; x_wconf 87' lang='lat' dir='ltr'><strong>convertere,</strong></span> <span class='ocrx_word' id='word_1_11' title='bbox 751 368 825 428; x_wconf 91' lang='lat' dir='ltr'><strong>ut</strong></span> <span class='ocrx_word' id='word_1_12' title='bbox 889 368 1059 429; x_wconf 88' lang='lat' dir='ltr'><strong>esset</strong></span> <span class='ocrx_word' id='word_1_13' title='bbox 1120 386 1252 429; x_wconf 92' lang='lat' dir='ltr'><strong>non</strong></span> <span class='ocrx_word' id='word_1_14' title='bbox 1314 364 1677 429; x_wconf 84' lang='lat' dir='ltr'><strong>incolarum</strong></span> <span class='ocrx_word' id='word_1_15' title='bbox 1731 362 1922 429; x_wconf 92' lang='lat' dir='ltr'><strong>modo</strong></span> <span class='ocrx_word' id='word_1_16' title='bbox 1979 364 2302 430; x_wconf 76' lang='lat' dir='ltr'>alimentis</span> <span class='ocrx_word' id='word_1_17' title='bbox 2344 381 2409 428; x_wconf 85' lang='lat'><strong>16</strong></span> 
     </span>
     <span class='ocr_line' id='line_1_3' title="bbox 287 451 2304 537; baseline 0 -21"><span class='ocrx_word' id='word_1_18' title='bbox 287 452 600 537; x_wconf 85' lang='lat' dir='ltr'><strong>frugifera</strong></span> <span class='ocrx_word' id='word_1_19' title='bbox 661 451 899 537; x_wconf 90' lang='lat' dir='ltr'><strong>insula,</strong></span> <span class='ocrx_word' id='word_1_20' title='bbox 965 452 1077 517; x_wconf 87' lang='lat' dir='ltr'><strong>sed</strong></span> <span class='ocrx_word' id='word_1_21' title='bbox 1140 453 1319 517; x_wconf 91' lang='lat' dir='ltr'><strong>urbis</strong></span> <span class='ocrx_word' id='word_1_22' title='bbox 1376 452 1624 517; x_wconf 84' lang='lat' dir='ltr'><strong>Romae</strong></span> <span class='ocrx_word' id='word_1_23' title='bbox 1682 455 1874 536; x_wconf 84' lang='lat' dir='ltr'><strong>atque</strong></span> <span class='ocrx_word' id='word_1_24' title='bbox 1928 451 2184 535; x_wconf 86' lang='lat' dir='ltr'><strong>Italiae,</strong></span> <span class='ocrx_word' id='word_1_25' title='bbox 2239 454 2304 517; x_wconf 93' lang='lat' dir='ltr'><strong>id</strong></span> 
     </span>
     <span class='ocr_line' id='line_1_4' title="bbox 288 541 2307 626; baseline 0 -21"><span class='ocrx_word' id='word_1_26' title='bbox 288 542 458 626; x_wconf 92' lang='lat' dir='ltr'><strong>quod</strong></span> <span class='ocrx_word' id='word_1_27' title='bbox 500 541 723 606; x_wconf 91' lang='lat' dir='ltr'><strong>multis</strong></span> <span class='ocrx_word' id='word_1_28' title='bbox 771 561 962 625; x_wconf 83' lang='lat' dir='ltr'>saepe</span> <span class='ocrx_word' id='word_1_29' title='bbox 998 541 1499 624; x_wconf 89' lang='lat' dir='ltr'><strong>tempestatibus</strong></span> <span class='ocrx_word' id='word_1_30' title='bbox 1544 541 1813 624; x_wconf 88' lang='lat' dir='ltr'><strong>fecerat,</strong></span> <span class='ocrx_word' id='word_1_31' title='bbox 1859 561 2183 606; x_wconf 84' lang='lat' dir='ltr'><strong>annonam</strong></span> <span class='ocrx_word' id='word_1_32' title='bbox 2220 541 2307 606; x_wconf 89' lang='lat' dir='ltr'><strong>le-</strong></span> 
     </span>
     <span class='ocr_line' id='line_1_5' title="bbox 287 628 2307 714; baseline -0 -20"><span class='ocrx_word' id='word_1_33' title='bbox 287 633 493 714; x_wconf 90' lang='lat' dir='ltr'><strong>varet,</strong></span> <span class='ocrx_word' id='word_1_34' title='bbox 549 630 632 694; x_wconf 93' lang='lat' dir='ltr'><strong>ab</strong></span> <span class='ocrx_word' id='word_1_35' title='bbox 684 628 1073 714; x_wconf 74' lang='lat' dir='ltr'><strong>Agathyrna</strong></span> <span class='ocrx_word' id='word_1_36' title='bbox 1118 629 1518 694; x_wconf 72' lang='lat' dir='ltr'><strong>inconditam</strong></span> <span class='ocrx_word' id='word_1_37' title='bbox 1563 628 2045 694; x_wconf 78' lang='lat' dir='ltr'><strong>multitudinem</strong></span> <span class='ocrx_word' id='word_1_38' title='bbox 2092 649 2307 693; x_wconf 89' lang='lat' dir='ltr'><strong>secum</strong></span> 
     </span>
     <span class='ocr_line' id='line_1_6' title="bbox 286 716 2412 800; baseline -0 -18"><span class='ocrx_word' id='word_1_39' title='bbox 286 719 354 782; x_wconf 92' lang='lat' dir='ltr'><strong>in</strong></span> <span class='ocrx_word' id='word_1_40' title='bbox 398 716 661 783; x_wconf 88' lang='lat' dir='ltr'><strong>Italiam</strong></span> <span class='ocrx_word' id='word_1_41' title='bbox 705 719 1083 782; x_wconf 84' lang='lat' dir='ltr'><strong>transvexit.</strong></span> <span class='ocrx_word' id='word_1_42' title='bbox 1156 721 1463 800; x_wconf 90' lang='lat' dir='ltr'><strong>quattuor</strong></span> <span class='ocrx_word' id='word_1_43' title='bbox 1499 718 1683 782; x_wconf 90' lang='lat' dir='ltr'><strong>milia</strong></span> <span class='ocrx_word' id='word_1_44' title='bbox 1721 716 2057 782; x_wconf 91' lang='lat' dir='ltr'><strong>hominum</strong></span> <span class='ocrx_word' id='word_1_45' title='bbox 2106 721 2308 799; x_wconf 87' lang='lat' dir='ltr'><strong>erant,</strong></span> <span class='ocrx_word' id='word_1_46' title='bbox 2349 733 2412 781; x_wconf 82' lang='grc'><strong>17</strong></span> 
     </span>
     <span class='ocr_line' id='line_1_7' title="bbox 288 805 2308 892; baseline 0 -22"><span class='ocrx_word' id='word_1_47' title='bbox 288 806 475 871; x_wconf 84' lang='lat' dir='ltr'><strong>mixti</strong></span> <span class='ocrx_word' id='word_1_48' title='bbox 507 827 585 869; x_wconf 86' lang='lat' dir='ltr'><strong>ex</strong></span> <span class='ocrx_word' id='word_1_49' title='bbox 606 805 783 870; x_wconf 91' lang='lat' dir='ltr'><strong>omni</strong></span> <span class='ocrx_word' id='word_1_50' title='bbox 808 805 1208 891; x_wconf 77' lang='lat' dir='ltr'><strong>conluvione,</strong></span> <span class='ocrx_word' id='word_1_51' title='bbox 1233 808 1469 892; x_wconf 88' lang='lat' dir='ltr'><strong>exules,</strong></span> <span class='ocrx_word' id='word_1_52' title='bbox 1494 806 1805 891; x_wconf 84' lang='lat' dir='ltr'><strong>obaerati,</strong></span> <span class='ocrx_word' id='word_1_53' title='bbox 1829 806 2139 890; x_wconf 89' lang='lat' dir='ltr'><strong>capitalia</strong></span> <span class='ocrx_word' id='word_1_54' title='bbox 2166 806 2308 870; x_wconf 87' lang='lat' dir='ltr'><strong>ausi</strong></span> 
     </span>
     <span class='ocr_line' id='line_1_8' title="bbox 287 894 2309 978; baseline -0 -19"><span class='ocrx_word' id='word_1_55' title='bbox 287 894 597 978; x_wconf 90' lang='lat' dir='ltr'><strong>plerique,</strong></span> <span class='ocrx_word' id='word_1_56' title='bbox 626 915 771 958; x_wconf 90' lang='lat' dir='ltr'><strong>cum</strong></span> <span class='ocrx_word' id='word_1_57' title='bbox 799 895 863 958; x_wconf 89' lang='lat' dir='ltr'><strong>in</strong></span> <span class='ocrx_word' id='word_1_58' title='bbox 897 895 1271 959; x_wconf 87' lang='lat' dir='ltr'><strong>civitatibus</strong></span> <span class='ocrx_word' id='word_1_59' title='bbox 1300 894 1432 959; x_wconf 91' lang='lat' dir='ltr'><strong>suis</strong></span> <span class='ocrx_word' id='word_1_60' title='bbox 1462 915 1538 959; x_wconf 88' lang='lat' dir='ltr'><strong>ac</strong></span> <span class='ocrx_word' id='word_1_61' title='bbox 1566 896 1684 959; x_wconf 90' lang='lat' dir='ltr'><strong>sub</strong></span> <span class='ocrx_word' id='word_1_62' title='bbox 1715 894 1970 978; x_wconf 90' lang='lat' dir='ltr'><strong>legibus</strong></span> <span class='ocrx_word' id='word_1_63' title='bbox 1996 895 2309 977; x_wconf 86' lang='lat' dir='ltr'><strong>vixerant,</strong></span> 
     </span>
     <span class='ocr_line' id='line_1_9' title="bbox 289 982 2310 1067; baseline 0 -20"><span class='ocrx_word' id='word_1_64' title='bbox 289 987 355 1047; x_wconf 89' lang='lat' dir='ltr'><strong>et</strong></span> <span class='ocrx_word' id='word_1_65' title='bbox 400 986 749 1067; x_wconf 89' lang='lat' dir='ltr'><strong>postquam</strong></span> <span class='ocrx_word' id='word_1_66' title='bbox 796 1003 904 1048; x_wconf 92' lang='lat' dir='ltr'><strong>eos</strong></span> <span class='ocrx_word' id='word_1_67' title='bbox 955 1004 1031 1047; x_wconf 87' lang='lat' dir='ltr'><strong>ex</strong></span> <span class='ocrx_word' id='word_1_68' title='bbox 1073 983 1271 1047; x_wconf 91' lang='lat' dir='ltr'><strong>variis</strong></span> <span class='ocrx_word' id='word_1_69' title='bbox 1317 982 1531 1047; x_wconf 89' lang='lat' dir='ltr'><strong>causis</strong></span> <span class='ocrx_word' id='word_1_70' title='bbox 1576 982 1839 1047; x_wconf 85' lang='lat' dir='ltr'><strong>fortuna</strong></span> <span class='ocrx_word' id='word_1_71' title='bbox 1883 983 2115 1047; x_wconf 90' lang='lat' dir='ltr'><strong>similis</strong></span> <span class='ocrx_word' id='word_1_72' title='bbox 2162 1004 2310 1047; x_wconf 91' lang='lat' dir='ltr'><strong>con—</strong></span> 
     </span>
     <span class='ocr_line' id='line_1_10' title="bbox 288 1071 2307 1156; baseline 0 -22"><span class='ocrx_word' id='word_1_73' title='bbox 288 1072 677 1156; x_wconf 87' lang='lat' dir='ltr'><strong>globaverat</strong></span> <span class='ocrx_word' id='word_1_74' title='bbox 738 1071 1223 1155; x_wconf 84' lang='lat' dir='ltr'><strong>Agathyrnam,</strong></span> <span class='ocrx_word' id='word_1_75' title='bbox 1285 1092 1403 1155; x_wconf 91' lang='lat' dir='ltr'><strong>per</strong></span> <span class='ocrx_word' id='word_1_76' title='bbox 1463 1071 1809 1136; x_wconf 89' lang='lat' dir='ltr'><strong>latrocinia</strong></span> <span class='ocrx_word' id='word_1_77' title='bbox 1873 1093 1948 1136; x_wconf 89' lang='lat' dir='ltr'><strong>ac</strong></span> <span class='ocrx_word' id='word_1_78' title='bbox 2011 1071 2307 1154; x_wconf 85' lang='lat' dir='ltr'><strong>rapinam</strong></span> 
     </span>
     <span class='ocr_line' id='line_1_11' title="bbox 291 1159 2413 1244; baseline -0.002 -20"><span class='ocrx_word' id='word_1_79' title='bbox 291 1160 640 1224; x_wconf 84' lang='lat' dir='ltr'><strong>tolerantes</strong></span> <span class='ocrx_word' id='word_1_80' title='bbox 696 1159 920 1224; x_wconf 88' lang='lat' dir='ltr'><strong>vitam.</strong></span> <span class='ocrx_word' id='word_1_81' title='bbox 1012 1159 1134 1225; x_wconf 91' lang='lat' dir='ltr'><strong>hos</strong></span> <span class='ocrx_word' id='word_1_82' title='bbox 1191 1181 1398 1244; x_wconf 91' lang='lat' dir='ltr'><strong>neque</strong></span> <span class='ocrx_word' id='word_1_83' title='bbox 1451 1160 1809 1244; x_wconf 89' lang='lat' dir='ltr'><strong>relinquere</strong></span> <span class='ocrx_word' id='word_1_84' title='bbox 1864 1159 2183 1225; x_wconf 90' lang='lat' dir='ltr'><strong>Laevinus</strong></span> <span class='ocrx_word' id='word_1_85' title='bbox 2240 1162 2309 1224; x_wconf 78' lang='lat' dir='ltr'><strong>in</strong></span> <span class='ocrx_word' id='word_1_86' title='bbox 2349 1171 2413 1221; x_wconf 86' lang='lat'><strong>18</strong></span> 
     </span>
     <span class='ocr_line' id='line_1_12' title="bbox 287 1247 2309 1332; baseline 0 -21"><span class='ocrx_word' id='word_1_87' title='bbox 287 1247 504 1313; x_wconf 85' lang='lat' dir='ltr'><strong>insula</strong></span> <span class='ocrx_word' id='word_1_88' title='bbox 547 1252 688 1312; x_wconf 92' lang='lat' dir='ltr'><strong>tum</strong></span> <span class='ocrx_word' id='word_1_89' title='bbox 732 1249 1017 1332; x_wconf 86' lang='lat' dir='ltr'><strong>primum</strong></span> <span class='ocrx_word' id='word_1_90' title='bbox 1061 1268 1232 1313; x_wconf 91' lang='lat' dir='ltr'><strong>nova</strong></span> <span class='ocrx_word' id='word_1_91' title='bbox 1267 1268 1427 1332; x_wconf 87' lang='lat' dir='ltr'><strong>pace</strong></span> <span class='ocrx_word' id='word_1_92' title='bbox 1464 1249 1860 1312; x_wconf 82' lang='lat' dir='ltr'><strong>coalescente</strong></span> <span class='ocrx_word' id='word_1_93' title='bbox 1897 1249 2075 1312; x_wconf 89' lang='lat' dir='ltr'><strong>velut</strong></span> <span class='ocrx_word' id='word_1_94' title='bbox 2110 1251 2309 1312; x_wconf 90' lang='lat' dir='ltr'><strong>mate-</strong></span> 
     </span>
     <span class='ocr_line' id='line_1_13' title="bbox 287 1334 2309 1418; baseline -0.001 -17"><span class='ocrx_word' id='word_1_95' title='bbox 287 1337 456 1401; x_wconf 87' lang='lat' dir='ltr'><strong>riam</strong></span> <span class='ocrx_word' id='word_1_96' title='bbox 502 1337 817 1401; x_wconf 91' lang='lat' dir='ltr'><strong>novandis</strong></span> <span class='ocrx_word' id='word_1_97' title='bbox 862 1336 1056 1400; x_wconf 88' lang='lat' dir='ltr'><strong>rebus</strong></span> <span class='ocrx_word' id='word_1_98' title='bbox 1097 1336 1259 1399; x_wconf 89' lang='lat' dir='ltr'><strong>satis</strong></span> <span class='ocrx_word' id='word_1_99' title='bbox 1298 1338 1513 1399; x_wconf 89' lang='lat' dir='ltr'><strong>tutum</strong></span> <span class='ocrx_word' id='word_1_100' title='bbox 1549 1339 1732 1399; x_wconf 89' lang='lat' dir='ltr'><strong>ratus</strong></span> <span class='ocrx_word' id='word_1_101' title='bbox 1772 1337 1896 1418; x_wconf 88' lang='lat' dir='ltr'><strong>est,</strong></span> <span class='ocrx_word' id='word_1_102' title='bbox 1940 1341 2005 1400; x_wconf 90' lang='lat' dir='ltr'><strong>et</strong></span> <span class='ocrx_word' id='word_1_103' title='bbox 2039 1334 2309 1418; x_wconf 83' lang='lat' dir='ltr'><strong>Reginis</strong></span> 
     </span>
     <span class='ocr_line' id='line_1_14' title="bbox 287 1421 2313 1507; baseline -0.001 -19"><span class='ocrx_word' id='word_1_104' title='bbox 287 1425 435 1488; x_wconf 89' lang='lat' dir='ltr'><strong>usui</strong></span> <span class='ocrx_word' id='word_1_105' title='bbox 479 1423 684 1487; x_wconf 79' lang='lat' dir='ltr'><strong>futuri</strong></span> <span class='ocrx_word' id='word_1_106' title='bbox 729 1426 914 1487; x_wconf 82' lang='lat' dir='ltr'><strong>erant</strong></span> <span class='ocrx_word' id='word_1_107' title='bbox 960 1422 1040 1487; x_wconf 90' lang='lat' dir='ltr'><strong>ad</strong></span> <span class='ocrx_word' id='word_1_108' title='bbox 1086 1421 1527 1505; x_wconf 87' lang='lat' dir='ltr'><strong>populandum</strong></span> <span class='ocrx_word' id='word_1_109' title='bbox 1567 1421 1897 1488; x_wconf 88' lang='lat' dir='ltr'><strong>Bruttium</strong></span> <span class='ocrx_word' id='word_1_110' title='bbox 1940 1432 2167 1507; x_wconf 88' lang='lat' dir='ltr'><strong>agrum</strong></span> <span class='ocrx_word' id='word_1_111' title='bbox 2206 1423 2313 1487; x_wconf 89' lang='lat' dir='ltr'><strong>ad·</strong></span> 
     </span>
     <span class='ocr_line' id='line_1_15' title="bbox 291 1509 2311 1595; baseline -0 -20"><span class='ocrx_word' id='word_1_112' title='bbox 291 1515 540 1575; x_wconf 88' lang='lat' dir='ltr'><strong>suetam</strong></span> <span class='ocrx_word' id='word_1_113' title='bbox 597 1511 956 1576; x_wconf 87' lang='lat' dir='ltr'><strong>latrociniis</strong></span> <span class='ocrx_word' id='word_1_114' title='bbox 1012 1512 1472 1594; x_wconf 87' lang='lat' dir='ltr'><strong>quaerentibus</strong></span> <span class='ocrx_word' id='word_1_115' title='bbox 1527 1532 1808 1575; x_wconf 89' lang='lat' dir='ltr'><strong>manum.</strong></span> <span class='ocrx_word' id='word_1_116' title='bbox 1901 1514 1968 1575; x_wconf 90' lang='lat' dir='ltr'><strong>et</strong></span> <span class='ocrx_word' id='word_1_117' title='bbox 2012 1509 2184 1595; x_wconf 91' lang='lat' dir='ltr'><strong>quod</strong></span> <span class='ocrx_word' id='word_1_118' title='bbox 2230 1511 2311 1575; x_wconf 88' lang='lat' dir='ltr'><strong>ad</strong></span> 
     </span>
     <span class='ocr_line' id='line_1_16' title="bbox 291 1598 1836 1682; baseline -0.001 -18"><span class='ocrx_word' id='word_1_119' title='bbox 291 1598 582 1664; x_wconf 85' lang='lat' dir='ltr'><strong>Siciliam</strong></span> <span class='ocrx_word' id='word_1_120' title='bbox 629 1599 892 1682; x_wconf 89' lang='lat' dir='ltr'><strong>attinet,</strong></span> <span class='ocrx_word' id='word_1_121' title='bbox 941 1620 1015 1664; x_wconf 93' lang='lat' dir='ltr'><strong>eo</strong></span> <span class='ocrx_word' id='word_1_122' title='bbox 1064 1620 1231 1663; x_wconf 86' lang='lat' dir='ltr'><strong>anno</strong></span> <span class='ocrx_word' id='word_1_123' title='bbox 1279 1598 1675 1664; x_wconf 84' lang='lat' dir='ltr'><strong>debellatum</strong></span> <span class='ocrx_word' id='word_1_124' title='bbox 1722 1603 1836 1663; x_wconf 89' lang='lat' dir='ltr'><strong>est.</strong></span> 
     </span>
    </p>

    <p class='ocr_par' dir='ltr' id='par_1_3' title="bbox 224 1685 2386 3630">
     <span class='ocr_line' id='line_1_17' title="bbox 469 1685 2378 1771; baseline -0.002 -18"><span class='ocrx_word' id='word_1_125' title='bbox 469 1687 632 1753; x_wconf 90' lang='lat' dir='ltr'>XLI.</span> <span class='ocrx_word' id='word_1_126' title='bbox 688 1687 766 1753; x_wconf 91' lang='lat' dir='ltr'><strong>In</strong></span> <span class='ocrx_word' id='word_1_127' title='bbox 810 1687 1130 1771; x_wconf 88' lang='lat' dir='ltr'><strong>Hispania</strong></span> <span class='ocrx_word' id='word_1_128' title='bbox 1174 1687 1493 1771; x_wconf 90' lang='lat' dir='ltr'><strong>principio</strong></span> <span class='ocrx_word' id='word_1_129' title='bbox 1540 1690 1711 1753; x_wconf 91' lang='lat' dir='ltr'><strong>veris</strong></span> <span class='ocrx_word' id='word_1_130' title='bbox 1754 1686 1825 1751; x_wconf 92' lang='lat' dir='ltr'><strong>P.</strong></span> <span class='ocrx_word' id='word_1_131' title='bbox 1872 1685 2087 1771; x_wconf 83' lang='lat' dir='ltr'><strong>Scipio</strong></span> <span class='ocrx_word' id='word_1_132' title='bbox 2134 1689 2309 1753; x_wconf 91' lang='lat' dir='ltr'><strong>navi·</strong></span> <span class='ocrx_word' id='word_1_133' title='bbox 2351 1700 2378 1749; x_wconf 93' lang='lat'>1</span> 
     </span>
     <span class='ocr_line' id='line_1_18' title="bbox 289 1774 2308 1860; baseline 0 -19"><span class='ocrx_word' id='word_1_134' title='bbox 289 1778 412 1842; x_wconf 85' lang='lat' dir='ltr'><strong>bus</strong></span> <span class='ocrx_word' id='word_1_135' title='bbox 458 1776 746 1842; x_wconf 90' lang='lat' dir='ltr'><strong>deductis</strong></span> <span class='ocrx_word' id='word_1_136' title='bbox 795 1777 1204 1860; x_wconf 88' lang='lat' dir='ltr'><strong>evocatisque</strong></span> <span class='ocrx_word' id='word_1_137' title='bbox 1252 1776 1460 1841; x_wconf 90' lang='lat' dir='ltr'><strong>edicto</strong></span> <span class='ocrx_word' id='word_1_138' title='bbox 1509 1774 1940 1841; x_wconf 87' lang='lat' dir='ltr'><strong>Tarraconem</strong></span> <span class='ocrx_word' id='word_1_139' title='bbox 1988 1775 2308 1841; x_wconf 88' lang='lat' dir='ltr'><strong>sociorum</strong></span> 
     </span>
     <span class='ocr_line' id='line_1_19' title="bbox 292 1863 2309 1948; baseline -0 -18"><span class='ocrx_word' id='word_1_140' title='bbox 292 1866 550 1931; x_wconf 88' lang='lat' dir='ltr'><strong>auxiliis</strong></span> <span class='ocrx_word' id='word_1_141' title='bbox 598 1865 875 1931; x_wconf 88' lang='lat' dir='ltr'><strong>classem</strong></span> <span class='ocrx_word' id='word_1_142' title='bbox 925 1865 1380 1948; x_wconf 86' lang='lat' dir='ltr'><strong>onerariasque</strong></span> <span class='ocrx_word' id='word_1_143' title='bbox 1428 1864 1666 1930; x_wconf 83' lang='lat' dir='ltr'><strong>ostium</strong></span> <span class='ocrx_word' id='word_1_144' title='bbox 1721 1865 1868 1930; x_wconf 92' lang='lat' dir='ltr'><strong>inde</strong></span> <span class='ocrx_word' id='word_1_145' title='bbox 1912 1863 2142 1930; x_wconf 89' lang='lat' dir='ltr'><strong>Hiberi</strong></span> <span class='ocrx_word' id='word_1_146' title='bbox 2195 1865 2309 1929; x_wconf 91' lang='lat' dir='ltr'><strong>flu-</strong></span> 
     </span>
     <span class='ocr_line' id='line_1_20' title="bbox 291 1952 2380 2038; baseline -0.002 -19"><span class='ocrx_word' id='word_1_147' title='bbox 291 1955 485 2019; x_wconf 92' lang='lat' dir='ltr'><strong>minis</strong></span> <span class='ocrx_word' id='word_1_148' title='bbox 530 1958 749 2038; x_wconf 89' lang='lat' dir='ltr'><strong>petere</strong></span> <span class='ocrx_word' id='word_1_149' title='bbox 795 1954 993 2019; x_wconf 92' lang='lat' dir='ltr'><strong>iubet.</strong></span> <span class='ocrx_word' id='word_1_150' title='bbox 1085 1953 1311 2019; x_wconf 90' lang='lat' dir='ltr'><strong>eodem</strong></span> <span class='ocrx_word' id='word_1_151' title='bbox 1357 1953 1648 2038; x_wconf 90' lang='lat' dir='ltr'><strong>legiones</strong></span> <span class='ocrx_word' id='word_1_152' title='bbox 1706 1975 1782 2018; x_wconf 88' lang='lat' dir='ltr'><strong>ex</strong></span> <span class='ocrx_word' id='word_1_153' title='bbox 1827 1952 2118 2018; x_wconf 86' lang='lat' dir='ltr'><strong>hibernis</strong></span> <span class='ocrx_word' id='word_1_154' title='bbox 2166 1976 2312 2020; x_wconf 89' lang='lat' dir='ltr'><strong>eon·</strong></span> <span class='ocrx_word' id='word_1_155' title='bbox 2347 1968 2380 2015; x_wconf 78' lang='lat'>2</span> 
     </span>
     <span class='ocr_line' id='line_1_21' title="bbox 290 2042 2311 2127; baseline -0 -20"><span class='ocrx_word' id='word_1_156' title='bbox 290 2044 510 2108; x_wconf 91' lang='lat' dir='ltr'><strong>venire</strong></span> <span class='ocrx_word' id='word_1_157' title='bbox 558 2064 705 2107; x_wconf 92' lang='lat' dir='ltr'><strong>cum</strong></span> <span class='ocrx_word' id='word_1_158' title='bbox 749 2043 1072 2125; x_wconf 89' lang='lat' dir='ltr'><strong>iussisset,</strong></span> <span class='ocrx_word' id='word_1_159' title='bbox 1115 2042 1255 2124; x_wconf 91' lang='lat' dir='ltr'><strong>ipse</strong></span> <span class='ocrx_word' id='word_1_160' title='bbox 1301 2063 1446 2106; x_wconf 91' lang='lat' dir='ltr'><strong>cum</strong></span> <span class='ocrx_word' id='word_1_161' title='bbox 1490 2043 1771 2127; x_wconf 92' lang='lat' dir='ltr'><strong>quinque</strong></span> <span class='ocrx_word' id='word_1_162' title='bbox 1809 2042 2071 2106; x_wconf 85' lang='lat' dir='ltr'><strong>milibus</strong></span> <span class='ocrx_word' id='word_1_163' title='bbox 2111 2044 2311 2107; x_wconf 92' lang='lat' dir='ltr'><strong>socio-</strong></span> 
     </span>
     <span class='ocr_line' id='line_1_22' title="bbox 292 2128 2311 2214; baseline -0 -18"><span class='ocrx_word' id='word_1_164' title='bbox 292 2153 436 2197; x_wconf 90' lang='lat' dir='ltr'><strong>rum</strong></span> <span class='ocrx_word' id='word_1_165' title='bbox 496 2131 577 2195; x_wconf 90' lang='lat' dir='ltr'><strong>ab</strong></span> <span class='ocrx_word' id='word_1_166' title='bbox 622 2130 989 2195; x_wconf 89' lang='lat' dir='ltr'><strong>Tarracone</strong></span> <span class='ocrx_word' id='word_1_167' title='bbox 1046 2128 1376 2213; x_wconf 84' lang='lat' dir='ltr'><strong>profectus</strong></span> <span class='ocrx_word' id='word_1_168' title='bbox 1432 2130 1513 2194; x_wconf 88' lang='lat' dir='ltr'><strong>ad</strong></span> <span class='ocrx_word' id='word_1_169' title='bbox 1570 2129 1919 2195; x_wconf 87' lang='lat' dir='ltr'><strong>exercitum</strong></span> <span class='ocrx_word' id='word_1_170' title='bbox 1977 2132 2092 2194; x_wconf 90' lang='lat' dir='ltr'><strong>est.</strong></span> <span class='ocrx_word' id='word_1_171' title='bbox 2184 2152 2311 2214; x_wconf 92' lang='lat' dir='ltr'><strong>quo</strong></span> 
     </span>
     <span class='ocr_line' id='line_1_23' title="bbox 293 2217 2312 2303; baseline -0 -19"><span class='ocrx_word' id='word_1_172' title='bbox 293 2242 438 2284; x_wconf 89' lang='lat' dir='ltr'><strong>cum</strong></span> <span class='ocrx_word' id='word_1_173' title='bbox 474 2218 783 2302; x_wconf 87' lang='lat' dir='ltr'><strong>venisset,</strong></span> <span class='ocrx_word' id='word_1_174' title='bbox 820 2217 1261 2303; x_wconf 89' lang='lat' dir='ltr'><strong>adloquendos</strong></span> <span class='ocrx_word' id='word_1_175' title='bbox 1296 2218 1575 2283; x_wconf 90' lang='lat' dir='ltr'><strong>maxime</strong></span> <span class='ocrx_word' id='word_1_176' title='bbox 1612 2220 1862 2282; x_wconf 90' lang='lat' dir='ltr'><strong>veteres</strong></span> <span class='ocrx_word' id='word_1_177' title='bbox 1900 2218 2165 2303; x_wconf 85' lang='lat' dir='ltr'><strong>milites,</strong></span> <span class='ocrx_word' id='word_1_178' title='bbox 2201 2219 2312 2303; x_wconf 91' lang='lat' dir='ltr'><strong>qui</strong></span> 
     </span>
     <span class='ocr_line' id='line_1_24' title="bbox 290 2305 2313 2391; baseline 0 -19"><span class='ocrx_word' id='word_1_179' title='bbox 290 2307 494 2372; x_wconf 88' lang='lat' dir='ltr'><strong>tantis</strong></span> <span class='ocrx_word' id='word_1_180' title='bbox 541 2307 993 2391; x_wconf 88' lang='lat' dir='ltr'><strong>superfuerunt</strong></span> <span class='ocrx_word' id='word_1_181' title='bbox 1038 2305 1361 2391; x_wconf 76' lang='lat' dir='ltr'><strong>cladibuS,</strong></span> <span class='ocrx_word' id='word_1_182' title='bbox 1414 2310 1594 2372; x_wconf 87' lang='lat' dir='ltr'><strong>ratus</strong></span> <span class='ocrx_word' id='word_1_183' title='bbox 1650 2306 1950 2372; x_wconf 90' lang='lat' dir='ltr'><strong>contione</strong></span> <span class='ocrx_word' id='word_1_184' title='bbox 1998 2306 2313 2372; x_wconf 85' lang='lat' dir='ltr'><strong>advocata</strong></span> 
     </span>
     <span class='ocr_line' id='line_1_25' title="bbox 291 2394 2381 2478; baseline -0.002 -18"><span class='ocrx_word' id='word_1_185' title='bbox 291 2398 390 2461; x_wconf 89' lang='lat' dir='ltr'><strong>ita</strong></span> <span class='ocrx_word' id='word_1_186' title='bbox 436 2395 765 2461; x_wconf 89' lang='lat' dir='ltr'><strong>disseruit:</strong></span> <span class='ocrx_word' id='word_1_187' title='bbox 815 2394 1056 2461; x_wconf 77' lang='lat' dir='ltr'><strong>“nemo</strong></span> <span class='ocrx_word' id='word_1_188' title='bbox 1104 2400 1257 2460; x_wconf 90' lang='lat' dir='ltr'><strong>ante</strong></span> <span class='ocrx_word' id='word_1_189' title='bbox 1294 2416 1398 2460; x_wconf 95' lang='lat' dir='ltr'><strong>me</strong></span> <span class='ocrx_word' id='word_1_190' title='bbox 1443 2417 1650 2462; x_wconf 90' lang='lat' dir='ltr'><strong>novus</strong></span> <span class='ocrx_word' id='word_1_191' title='bbox 1693 2394 2046 2478; x_wconf 90' lang='lat' dir='ltr'><strong>imperator</strong></span> <span class='ocrx_word' id='word_1_192' title='bbox 2090 2396 2310 2461; x_wconf 85' lang='lat' dir='ltr'><strong>militi·</strong></span> <span class='ocrx_word' id='word_1_193' title='bbox 2348 2407 2381 2455; x_wconf 88' lang='grc'>3</span> 
     </span>
     <span class='ocr_line' id='line_1_26' title="bbox 224 2485 2311 2568; baseline 0 -20"><span class='ocrx_word' id='word_1_194' title='bbox 224 2551 236 2568; x_wconf 53' lang='grc'><strong>,</strong></span> <span class='ocrx_word' id='word_1_195' title='bbox 292 2485 414 2549; x_wconf 90' lang='lat' dir='ltr'><strong>bus</strong></span> <span class='ocrx_word' id='word_1_196' title='bbox 460 2485 621 2567; x_wconf 91' lang='grc'><strong>61116,</strong></span> <span class='ocrx_word' id='word_1_197' title='bbox 670 2485 1046 2567; x_wconf 89' lang='lat' dir='ltr'><strong>priusquam</strong></span> <span class='ocrx_word' id='word_1_198' title='bbox 1103 2505 1299 2568; x_wconf 88' lang='lat' dir='ltr'><strong>opera</strong></span> <span class='ocrx_word' id='word_1_199' title='bbox 1344 2504 1565 2549; x_wconf 91' lang='lat' dir='ltr'><strong>eorum</strong></span> <span class='ocrx_word' id='word_1_200' title='bbox 1622 2506 1777 2548; x_wconf 89' lang='lat' dir='ltr'><strong>usus</strong></span> <span class='ocrx_word' id='word_1_201' title='bbox 1825 2489 2021 2568; x_wconf 89' lang='lat' dir='ltr'><strong>esset,</strong></span> <span class='ocrx_word' id='word_1_202' title='bbox 2066 2486 2311 2568; x_wconf 88' lang='lat' dir='ltr'><strong>gratias</strong></span> 
     </span>
     <span class='ocr_line' id='line_1_27' title="bbox 295 2570 2385 2655; baseline -0.002 -20"><span class='ocrx_word' id='word_1_203' title='bbox 295 2590 488 2655; x_wconf 89' lang='lat' dir='ltr'><strong>agere</strong></span> <span class='ocrx_word' id='word_1_204' title='bbox 525 2571 664 2635; x_wconf 91' lang='lat' dir='ltr'><strong>iure</strong></span> <span class='ocrx_word' id='word_1_205' title='bbox 702 2592 776 2635; x_wconf 85' lang='lat' dir='ltr'><strong>ac</strong></span> <span class='ocrx_word' id='word_1_206' title='bbox 812 2572 1045 2635; x_wconf 91' lang='lat' dir='ltr'><strong>merito</strong></span> <span class='ocrx_word' id='word_1_207' title='bbox 1082 2572 1322 2653; x_wconf 66' lang='lat' dir='ltr'><strong>potuit-‚3</strong></span> <span class='ocrx_word' id='word_1_208' title='bbox 1360 2592 1463 2634; x_wconf 94' lang='lat' dir='ltr'><strong>me</strong></span> <span class='ocrx_word' id='word_1_209' title='bbox 1500 2571 1715 2654; x_wconf 89' lang='lat' dir='ltr'><strong>vobis,</strong></span> <span class='ocrx_word' id='word_1_210' title='bbox 1748 2570 2136 2653; x_wconf 85' lang='lat' dir='ltr'><strong>priusquam.</strong></span> <span class='ocrx_word' id='word_1_211' title='bbox 2162 2594 2307 2654; x_wconf 87' lang='lat' dir='ltr'><strong>pro·</strong></span> <span class='ocrx_word' id='word_1_212' title='bbox 2349 2583 2385 2630; x_wconf 80' lang='lat'>4</span> 
     </span>
     <span class='ocr_line' id='line_1_28' title="bbox 295 2657 2314 2758; baseline -0 -35"><span class='ocrx_word' id='word_1_213' title='bbox 295 2659 574 2723; x_wconf 88' lang='lat' dir='ltr'><strong>vinciam</strong></span> <span class='ocrx_word' id='word_1_214' title='bbox 614 2661 727 2722; x_wconf 88' lang='lat' dir='ltr'><strong>aut</strong></span> <span class='ocrx_word' id='word_1_215' title='bbox 765 2660 979 2722; x_wconf 89' lang='lat' dir='ltr'><strong>castra</strong></span> <span class='ocrx_word' id='word_1_216' title='bbox 1014 2659 1326 2741; x_wconf 89' lang='lat' dir='ltr'><strong>viderem,</strong></span> <span class='ocrx_word' id='word_1_217' title='bbox 1356 2658 1675 2742; x_wconf 87' lang='lat' dir='ltr'><strong>obligavit</strong></span> <span class='ocrx_word' id='word_1_218' title='bbox 1712 2657 1998 2741; x_wconf 88' lang='lat' dir='ltr'><strong>fortuna,</strong></span> <span class='ocrx_word' id='word_1_219' title='bbox 2034 2659 2314 2758; x_wconf 85' lang='lat' dir='ltr'><strong>primum</strong></span> 
     </span>
     <span class='ocr_line' id='line_1_29' title="bbox 295 2746 2313 2831; baseline 0 -19"><span class='ocrx_word' id='word_1_220' title='bbox 295 2747 466 2831; x_wconf 91' lang='lat' dir='ltr'><strong>quod</strong></span> <span class='ocrx_word' id='word_1_221' title='bbox 514 2767 588 2811; x_wconf 87' lang='lat' dir='ltr'><strong>ea</strong></span> <span class='ocrx_word' id='word_1_222' title='bbox 634 2746 879 2830; x_wconf 89' lang='lat' dir='ltr'><strong>pietate</strong></span> <span class='ocrx_word' id='word_1_223' title='bbox 927 2765 1081 2831; x_wconf 83' lang='lat' dir='ltr'><strong>erga</strong></span> <span class='ocrx_word' id='word_1_224' title='bbox 1118 2748 1374 2828; x_wconf 89' lang='lat' dir='ltr'><strong>patrem</strong></span> <span class='ocrx_word' id='word_1_225' title='bbox 1409 2750 1840 2829; x_wconf 90' lang='lat' dir='ltr'><strong>patruumque</strong></span> <span class='ocrx_word' id='word_1_226' title='bbox 1875 2766 2089 2809; x_wconf 90' lang='lat' dir='ltr'><strong>meum</strong></span> <span class='ocrx_word' id='word_1_227' title='bbox 2132 2746 2313 2812; x_wconf 90' lang='lat' dir='ltr'><strong>vivos</strong></span> 
     </span>
     <span class='ocr_line' id='line_1_30' title="bbox 295 2832 2383 2936; baseline -0.001 -37"><span class='ocrx_word' id='word_1_228' title='bbox 295 2838 713 2919; x_wconf 90' lang='lat' dir='ltr'><strong>mortuosque</strong></span> <span class='ocrx_word' id='word_1_229' title='bbox 759 2833 1007 2936; x_wconf 82' lang='lat' dir='ltr'><strong>fuistis,</strong></span> <span class='ocrx_word' id='word_1_230' title='bbox 1053 2832 1281 2898; x_wconf 90' lang='lat' dir='ltr'><strong>deinde</strong></span> <span class='ocrx_word' id='word_1_231' title='bbox 1330 2834 1501 2918; x_wconf 91' lang='lat' dir='ltr'><strong>quod</strong></span> <span class='ocrx_word' id='word_1_232' title='bbox 1549 2834 1854 2898; x_wconf 88' lang='lat' dir='ltr'><strong>amissam</strong></span> <span class='ocrx_word' id='word_1_233' title='bbox 1900 2837 2088 2898; x_wconf 83' lang='lat' dir='ltr'><strong>tanta</strong></span> <span class='ocrx_word' id='word_1_234' title='bbox 2133 2834 2313 2899; x_wconf 90' lang='lat' dir='ltr'><strong>clade</strong></span> <span class='ocrx_word' id='word_1_235' title='bbox 2351 2847 2383 2896; x_wconf 83' lang='lat'><strong>5</strong></span> 
     </span>
     <span class='ocr_line' id='line_1_31' title="bbox 294 2921 2313 3007; baseline -0 -19"><span class='ocrx_word' id='word_1_236' title='bbox 294 2923 664 3007; x_wconf 84' lang='lat' dir='ltr'><strong>provinciae</strong></span> <span class='ocrx_word' id='word_1_237' title='bbox 710 2923 1192 3007; x_wconf 91' lang='lat' dir='ltr'><strong>possessionem</strong></span> <span class='ocrx_word' id='word_1_238' title='bbox 1246 2921 1565 3006; x_wconf 88' lang='lat' dir='ltr'><strong>integram</strong></span> <span class='ocrx_word' id='word_1_239' title='bbox 1621 2926 1688 2986; x_wconf 90' lang='lat' dir='ltr'><strong>et</strong></span> <span class='ocrx_word' id='word_1_240' title='bbox 1731 2923 1972 3005; x_wconf 92' lang='lat' dir='ltr'><strong>populo</strong></span> <span class='ocrx_word' id='word_1_241' title='bbox 2018 2921 2313 2989; x_wconf 88' lang='lat' dir='ltr'><strong>Romano</strong></span> 
     </span>
     <span class='ocr_line' id='line_1_32' title="bbox 297 3010 2386 3078; baseline -0.001 -2"><span class='ocrx_word' id='word_1_242' title='bbox 297 3015 364 3077; x_wconf 91' lang='lat' dir='ltr'><strong>et</strong></span> <span class='ocrx_word' id='word_1_243' title='bbox 410 3012 763 3076; x_wconf 87' lang='lat' dir='ltr'><strong>successori</strong></span> <span class='ocrx_word' id='word_1_244' title='bbox 810 3010 972 3075; x_wconf 91' lang='lat' dir='ltr'><strong>mihi</strong></span> <span class='ocrx_word' id='word_1_245' title='bbox 1007 3011 1246 3075; x_wconf 89' lang='lat' dir='ltr'><strong>virtute</strong></span> <span class='ocrx_word' id='word_1_246' title='bbox 1292 3013 1510 3075; x_wconf 88' lang='lat' dir='ltr'><strong>vestra</strong></span> <span class='ocrx_word' id='word_1_247' title='bbox 1555 3010 1949 3076; x_wconf 87' lang='lat' dir='ltr'><strong>obtinuistis.</strong></span> <span class='ocrx_word' id='word_1_248' title='bbox 2019 3010 2133 3076; x_wconf 89' lang='lat' dir='ltr'><strong>sed</strong></span> <span class='ocrx_word' id='word_1_249' title='bbox 2168 3032 2314 3078; x_wconf 89' lang='lat' dir='ltr'><strong>cum</strong></span> <span class='ocrx_word' id='word_1_250' title='bbox 2353 3025 2386 3073; x_wconf 84' lang='lat'><strong>6</strong></span> 
     </span>
     <span class='ocr_line' id='line_1_33' title="bbox 294 3098 2315 3202; baseline 0 -37"><span class='ocrx_word' id='word_1_251' title='bbox 294 3101 426 3165; x_wconf 88' lang='lat' dir='ltr'><strong>iam</strong></span> <span class='ocrx_word' id='word_1_252' title='bbox 471 3099 875 3202; x_wconf 86' lang='lat' dir='ltr'><strong>benignitate</strong></span> <span class='ocrx_word' id='word_1_253' title='bbox 919 3099 1108 3163; x_wconf 92' lang='lat' dir='ltr'><strong>deum</strong></span> <span class='ocrx_word' id='word_1_254' title='bbox 1146 3098 1211 3163; x_wconf 92' lang='lat' dir='ltr'><strong>id</strong></span> <span class='ocrx_word' id='word_1_255' title='bbox 1256 3120 1559 3183; x_wconf 88' lang='lat' dir='ltr'><strong>paremus</strong></span> <span class='ocrx_word' id='word_1_256' title='bbox 1600 3104 1795 3184; x_wconf 87' lang='lat' dir='ltr'><strong>atque</strong></span> <span class='ocrx_word' id='word_1_257' title='bbox 1842 3121 2138 3186; x_wconf 75' lang='lat' dir='ltr'><strong>agamuS,</strong></span> <span class='ocrx_word' id='word_1_258' title='bbox 2180 3122 2315 3166; x_wconf 93' lang='lat' dir='ltr'><strong>non</strong></span> 
     </span>
     <span class='ocr_line' id='line_1_34' title="bbox 292 3185 2314 3272; baseline 0 -19"><span class='ocrx_word' id='word_1_259' title='bbox 292 3193 368 3253; x_wconf 91' lang='lat' dir='ltr'><strong>ut</strong></span> <span class='ocrx_word' id='word_1_260' title='bbox 412 3189 541 3272; x_wconf 90' lang='lat' dir='ltr'><strong>ipsi</strong></span> <span class='ocrx_word' id='word_1_261' title='bbox 578 3209 954 3253; x_wconf 87' lang='lat' dir='ltr'><strong>maneamus</strong></span> <span class='ocrx_word' id='word_1_262' title='bbox 991 3189 1063 3252; x_wconf 91' lang='lat' dir='ltr'><strong>in</strong></span> <span class='ocrx_word' id='word_1_263' title='bbox 1098 3185 1447 3272; x_wconf 87' lang='lat' dir='ltr'><strong>Hispania,</strong></span> <span class='ocrx_word' id='word_1_264' title='bbox 1484 3188 1593 3253; x_wconf 92' lang='lat' dir='ltr'><strong>sed</strong></span> <span class='ocrx_word' id='word_1_265' title='bbox 1634 3210 1716 3253; x_wconf 91' lang='lat' dir='ltr'><strong>ne</strong></span> <span class='ocrx_word' id='word_1_266' title='bbox 1751 3187 1953 3253; x_wconf 92' lang='lat' dir='ltr'><strong>Poeni</strong></span> <span class='ocrx_word' id='word_1_267' title='bbox 1989 3193 2314 3272; x_wconf 87' lang='lat' dir='ltr'><strong>maneant,</strong></span> 
     </span>
     <span class='ocr_line' id='line_1_35' title="bbox 291 3276 2313 3361; baseline -0 -20"><span class='ocrx_word' id='word_1_268' title='bbox 291 3298 413 3342; x_wconf 88' lang='lat' dir='ltr'><strong>nec</strong></span> <span class='ocrx_word' id='word_1_269' title='bbox 439 3280 513 3342; x_wconf 91' lang='lat' dir='ltr'><strong>ut</strong></span> <span class='ocrx_word' id='word_1_270' title='bbox 539 3298 657 3361; x_wconf 91' lang='lat' dir='ltr'><strong>pro</strong></span> <span class='ocrx_word' id='word_1_271' title='bbox 685 3276 832 3361; x_wconf 88' lang='lat' dir='ltr'><strong>ripa</strong></span> <span class='ocrx_word' id='word_1_272' title='bbox 858 3276 1089 3341; x_wconf 91' lang='lat' dir='ltr'><strong>Hiberi</strong></span> <span class='ocrx_word' id='word_1_273' title='bbox 1117 3279 1365 3342; x_wconf 88' lang='lat' dir='ltr'><strong>stantes</strong></span> <span class='ocrx_word' id='word_1_274' title='bbox 1396 3297 1726 3342; x_wconf 87' lang='lat' dir='ltr'><strong>arceamus</strong></span> <span class='ocrx_word' id='word_1_275' title='bbox 1763 3276 2047 3341; x_wconf 87' lang='lat' dir='ltr'><strong>transitu</strong></span> <span class='ocrx_word' id='word_1_276' title='bbox 2072 3276 2313 3360; x_wconf 77' lang='lat' dir='ltr'><strong>hosteS,</strong></span> 
     </span>
     <span class='ocr_line' id='line_1_36' title="bbox 294 3364 2384 3449; baseline -0.002 -19"><span class='ocrx_word' id='word_1_277' title='bbox 294 3365 407 3430; x_wconf 89' lang='lat' dir='ltr'><strong>sed</strong></span> <span class='ocrx_word' id='word_1_278' title='bbox 433 3369 510 3430; x_wconf 92' lang='lat' dir='ltr'><strong>ut</strong></span> <span class='ocrx_word' id='word_1_279' title='bbox 536 3365 709 3431; x_wconf 89' lang='lat' dir='ltr'><strong>ultro</strong></span> <span class='ocrx_word' id='word_1_280' title='bbox 737 3369 1141 3430; x_wconf 87' lang='lat' dir='ltr'><strong>transeamus</strong></span> <span class='ocrx_word' id='word_1_281' title='bbox 1170 3365 1759 3449; x_wconf 89' lang='lat' dir='ltr'><strong>transferamusque</strong></span> <span class='ocrx_word' id='word_1_282' title='bbox 1787 3364 2051 3449; x_wconf 94' lang='lat' dir='ltr'><strong>bellum,</strong></span> <span class='ocrx_word' id='word_1_283' title='bbox 2071 3385 2311 3447; x_wconf 87' lang='lat' dir='ltr'><strong>vereor,</strong></span> <span class='ocrx_word' id='word_1_284' title='bbox 2351 3375 2384 3425; x_wconf 79' lang='grc'><strong>7</strong></span> 
     </span>
     <span class='ocr_line' id='line_1_37' title="bbox 294 3452 2314 3538; baseline 0 -21"><span class='ocrx_word' id='word_1_285' title='bbox 294 3475 373 3518; x_wconf 88' lang='grc'><strong>116</strong></span> <span class='ocrx_word' id='word_1_286' title='bbox 420 3455 525 3519; x_wconf 92' lang='grc'><strong>6111</strong></span> <span class='ocrx_word' id='word_1_287' title='bbox 568 3457 858 3519; x_wconf 88' lang='lat' dir='ltr'><strong>vestrum</strong></span> <span class='ocrx_word' id='word_1_288' title='bbox 902 3453 1111 3519; x_wconf 87' lang='lat' dir='ltr'><strong>maius</strong></span> <span class='ocrx_word' id='word_1_289' title='bbox 1157 3453 1224 3518; x_wconf 90' lang='lat' dir='ltr'><strong>id</strong></span> <span class='ocrx_word' id='word_1_290' title='bbox 1270 3452 1693 3538; x_wconf 88' lang='lat' dir='ltr'><strong>audaciusque</strong></span> <span class='ocrx_word' id='word_1_291' title='bbox 1739 3453 2079 3520; x_wconf 91' lang='lat' dir='ltr'><strong>consilium</strong></span> <span class='ocrx_word' id='word_1_292' title='bbox 2119 3474 2314 3538; x_wconf 89' lang='lat' dir='ltr'><strong>quam</strong></span> 
     </span>
     <span class='ocr_line' id='line_1_38' title="bbox 294 3541 2312 3630; baseline 0.001 -24"><span class='ocrx_word' id='word_1_293' title='bbox 294 3544 407 3606; x_wconf 88' lang='lat' dir='ltr'><strong>aut</strong></span> <span class='ocrx_word' id='word_1_294' title='bbox 449 3564 570 3626; x_wconf 91' lang='lat' dir='ltr'><strong>pro</strong></span> <span class='ocrx_word' id='word_1_295' title='bbox 617 3542 933 3607; x_wconf 89' lang='lat' dir='ltr'><strong>memoria</strong></span> <span class='ocrx_word' id='word_1_296' title='bbox 988 3541 1265 3630; x_wconf 85' lang='lat' dir='ltr'><strong>cladium</strong></span> <span class='ocrx_word' id='word_1_297' title='bbox 1322 3563 1527 3626; x_wconf 90' lang='lat' dir='ltr'><strong>nuper</strong></span> <span class='ocrx_word' id='word_1_298' title='bbox 1582 3546 1990 3626; x_wconf 85' lang='lat' dir='ltr'><strong>acceptarum</strong></span> <span class='ocrx_word' id='word_1_299' title='bbox 2037 3544 2151 3608; x_wconf 86' lang='lat' dir='ltr'><strong>aut</strong></span> <span class='ocrx_word' id='word_1_300' title='bbox 2194 3562 2312 3626; x_wconf 90' lang='lat' dir='ltr'><strong>pro</strong></span> 
     </span>
    </p>

    <p class='ocr_par' dir='ltr' id='par_1_4' title="bbox 401 3651 1879 3700">
     <span class='ocr_line' id='line_1_39' title="bbox 401 3651 1879 3700; baseline 0.003 -4"><span class='ocrx_word' id='word_1_301' title='bbox 401 3654 626 3697; x_wconf 69' lang='lat' dir='ltr'><strong>zr.1.1v1„</strong></span> <span class='ocrx_word' id='word_1_302' title='bbox 677 3654 767 3696; x_wconf 87' lang='lat' dir='ltr'><strong>m.</strong></span> <span class='ocrx_word' id='word_1_303' title='bbox 1817 3651 1879 3700; x_wconf 92' lang='lat'><strong>11</strong></span> 
     </span>
    </p>
   </div>
  </div>
 </body>
</html>
