2654 3913
703 247 917 301 mena
953 248 1123 304 xxv.
1198 247 1353 302 cAP.
1392 254 1476 303 11.
1553 248 1625 319 [a.
1664 247 1723 303 c.
1760 250 1891 320 212]
2225 250 2309 314 69

295 392 379 457 ad
425 392 923 476 inspiciendum,
969 392 1136 476 quod
1184 414 1344 476 opus
1380 392 1785 475 aliquantum
1835 393 2136 477 opinione
2173 395 2310 460 eius

299 481 568 546 celerius
615 483 934 564 creverat,
989 502 1170 564 spem
1225 480 1401 564 cepit
1452 480 1650 545 etiam
1694 502 1906 545 arcem
1961 483 2314 566 expugnari

295 590 506 652 posse.
572 571 639 633 et
683 572 784 634 est
827 591 961 634 non
998 569 1369 653 altitudine,
1419 573 1495 634 ut
1540 572 1779 653 cetera,
1816 572 1985 654 tuta,
2023 571 2135 635 sed
2170 571 2311 636 loco

293 658 491 741 plano
536 657 755 740 posita
800 662 868 723 et
912 657 993 721 ab
1041 657 1199 722 urbe
1245 678 1429 721 muro
1473 660 1729 722 tantum
1765 679 1842 722 ac
1875 658 2054 723 fossa
2089 658 2314 724 divisa.

297 767 441 810 cum
488 746 620 810 iam
666 745 1221 811 machinationum
1263 746 1440 810 omni
1479 765 1712 829 genere
1750 749 1817 810 et
1852 747 2154 829 operibus
2202 768 2311 831 op·
2353 754 2418 803 10

295 838 721 918 pugnaretur,
765 834 1035 899 missum
1080 856 1119 898 a
1153 833 1528 916 Metaponto
1574 833 1964 917 praesidium
2000 834 2313 900 Romanis

296 922 454 987 fecit
509 922 822 1006 animum,
889 925 962 986 ut
1012 925 1203 988 nocte
1258 943 1339 985 ex
1389 922 1720 1005 inproviso
1777 943 1974 1005 opera
2027 923 2313 987 hostium

299 1010 697 1077 invaderent.
761 1010 890 1075 alia
925 1009 1340 1094 disiecerunt,
1379 1010 1509 1074 alia
1545 1010 1682 1096 igni
1720 1015 2159 1093 corruperunt.
2230 1012 2314 1076 is-

302 1120 426 1182 que
472 1099 619 1163 finis
665 1098 1024 1163 Hannibali
1076 1098 1203 1162 fuit
1249 1120 1326 1162 ea
1368 1102 1555 1182 parte
1612 1120 1825 1164 arcem
1879 1099 2313 1182 oppugnandi.

301 1186 551 1270 reliqua
611 1189 752 1252 erat
808 1188 878 1251 in
924 1186 1260 1253 obsidione
1308 1209 1481 1270 spes,
1539 1208 1660 1251 nec
1719 1208 1795 1250 ea
1849 1187 2008 1251 satis
2069 1188 2313 1272 efficax,
2353 1195 2414 1243 11

304 1275 457 1358 quia
504 1297 713 1339 arcem
759 1278 1080 1358 tenentes,
1136 1296 1298 1358 quae
1357 1274 1425 1338 in
1479 1275 1898 1357 paeneinsula
1940 1276 2155 1358 posita
2199 1276 2314 1339 im-

300 1364 504 1428 minet
547 1363 841 1428 faucibus
886 1366 1142 1447 portuS,
1196 1383 1372 1427 mare
1425 1362 1704 1427 liberum
1757 1362 2114 1446 habebant,
2157 1364 2312 1427 urbs

305 1455 535 1516 contra
578 1451 840 1516 exclusa
882 1451 1224 1515 maritimis
1276 1450 1743 1515 commeatibus
1787 1451 2179 1533 propiusque
2222 1451 2314 1514 in-

305 1537 522 1620 opiam
570 1542 755 1603 erant
799 1538 1165 1603 obsidentes
1212 1560 1406 1622 quam
1452 1537 1720 1603 obsessi.
1789 1536 2120 1602 Hannibal
2167 1560 2311 1602 con·
2353 1549 2418 1597 12

306 1626 555 1691 vocatis
600 1626 1002 1710 principibus
1047 1626 1417 1691 Tarentinis
1473 1647 1695 1691 omnes
1749 1627 2106 1710 praesentis
2153 1627 2313 1690 diffi-

303 1715 573 1779 cultates
603 1715 930 1798 exposuit:
956 1736 1163 1800 neque
1192 1716 1360 1780 arcis
1384 1717 1520 1779 tam
1551 1714 1836 1779 munitae
1856 1715 2314 1799 expugnandae
2400 1714 2407 1721 ’

307 1824 566 1868 cernere
603 1804 775 1867 viam
813 1825 1019 1888 neque
1054 1805 1125 1868 in
1152 1803 1488 1869 obsidione
1518 1803 1859 1888 quicquam
1886 1804 2124 1869 habere
2161 1805 2316 1887 spei,

305 1891 506 1956 donec
532 1893 698 1956 mari
725 1892 948 1958 hostes
976 1892 1330 1978 potiantur.
1390 1891 1558 1977 quod
1589 1893 1644 1956 si
1670 1913 1869 1958 naves
1899 1893 2055 1977 sint,
2085 1893 2315 1977 quibus
2357 1903 2421 1951 13

306 1984 700 2044 commeatus
754 1981 975 2045 invehi
1029 1981 1400 2065 prohibeat,
1456 1982 1781 2064 extemplo
1839 1984 1951 2045 aut
1996 2003 2140 2046 arce
2186 2003 2316 2046 ces·

307 2087 492 2131 suros
522 2072 637 2132 aut
663 2067 990 2132 dedituros
1019 2090 1086 2132 se
1114 2069 1341 2135 hostis
1400 2069 1925 2133 adsentiebantur
1952 2069 2315 2150 Tarentini3
2356 2078 2422 2127 14

308 2156 590 2219 ceterum
650 2155 734 2238 ei,
791 2156 900 2239 qui
954 2157 1292 2221 consilium
1350 2156 1652 2240 adferret,
1707 2178 1895 2241 opem
1951 2178 2204 2240 quoque
2249 2157 2318 2221 in

308 2264 451 2307 eam
509 2265 648 2308 rem
707 2243 1117 2308 adferendam
1172 2246 1521 2310 censebant
1576 2265 1730 2311 esse.
1820 2243 2092 2309 Punicas
2149 2244 2315 2309 enim
2359 2254 2423 2303 15

304 2352 503 2397 naves
558 2353 636 2396 ex
692 2328 917 2397 Sicilia
972 2334 1209 2398 accitas
1264 2334 1332 2398 id
1385 2355 1576 2417 posse
1629 2333 1867 2419 facere3
1923 2355 2102 2417 suas,
2156 2355 2319 2419 quae

308 2420 452 2484 sinu
501 2420 732 2503 exiguo
770 2421 945 2486 intus
983 2422 1269 2487 inclusae
1306 2425 1547 2505 essent,
1594 2443 1736 2486 cum
1774 2423 2058 2487 claustra
2090 2426 2317 2506 portus

308 2506 519 2570 hostis
556 2508 850 2592 haberet,
894 2531 1085 2591 quem
1122 2510 1203 2574 ad
1240 2510 1503 2574 modum
1540 2509 1687 2574 inde
1725 2511 1795 2574 in
1823 2513 2115 2592 apertum
2144 2531 2318 2573 mare

309 2593 662 2657 evasuras?
732 2592 1115 2658 “evadent''
1161 2597 1375 2677 inquit
1418 2596 1776 2675 Hanniba13
1825 2596 2111 2678 “multa,
2156 2618 2318 2677 quae
2360 2606 2425 2654 16

308 2680 596 2765 inpedita
640 2683 876 2744 natura
921 2685 1099 2764 sunt,
1146 2683 1413 2746 consilio
1462 2681 1901 2763 expediuntur.
1982 2682 2210 2744 urbem
2253 2682 2323 2746 in

309 2791 536 2853 campo
565 2769 761 2834 sitam
790 2767 1068 2833 habetis.
1142 2768 1374 2852 planae
1414 2772 1479 2832 et
1515 2768 1675 2832 satis
1712 2769 1883 2831 latae
1918 2768 2061 2831 viae
2096 2772 2324 2850 patent

308 2859 377 2922 in
423 2858 631 2923 omnis
668 2857 892 2941 partis.
965 2856 1098 2940 via,
1136 2878 1300 2940 quae
1339 2878 1373 2921 e
1408 2859 1604 2939 portu
1641 2877 1754 2939 per
1789 2855 2066 2920 mediam
2094 2856 2322 2920 urbem
2364 2866 2427 2914 17

311 2945 392 3009 ad
437 2968 613 3010 mare
666 2946 1053 3011 transmissa
1107 2949 1232 3027 est,
1289 2946 1601 3028 plaustris
1658 2944 2073 3009 transveham
2127 2965 2323 3009 naves

309 3032 481 3097 haud
528 3054 766 3118 magna
809 3036 998 3101 mole.
1088 3039 1154 3099 et
1198 3055 1376 3098 mare
1430 3037 1725 3099 nostrum
1773 3033 1923 3117 erit,
1980 3055 2107 3116 quo
2153 3054 2325 3097 nunc

310 3122 533 3185 hostes
570 3123 931 3208 potiuntur;
960 3128 1027 3188 et
1063 3123 1244 3187 illinc
1280 3123 1473 3206 mari,
1508 3123 1660 3188 hinc
1695 3125 1872 3188 terra
1908 3121 2325 3187 circumsede-

308 3209 523 3274 bimus
561 3231 799 3292 arcem,
834 3212 1033 3275 immo
1071 3212 1249 3276 brevi
1287 3215 1402 3276 aut
1436 3211 1729 3275 relictam
1768 3211 1848 3274 ab
1877 3209 2175 3274 hostibus
2214 3213 2329 3270 aut

309 3319 456 3364 cum
503 3298 665 3381 ipsis
711 3297 1010 3363 hostibus
1055 3297 1449 3381 capiemus.''
1516 3299 1676 3363 haec
1714 3298 1921 3362 oratio
1967 3317 2100 3359 non
2145 3316 2324 3377 spem
2367 3307 2430 3355 18

310 3385 505 3451 modo
553 3385 816 3450 effectus
856 3385 970 3450 sed
1005 3386 1337 3471 ingentem
1377 3385 1574 3451 etiam
1614 3385 1792 3449 ducis
1833 3382 2328 3447 admirationem

309 3474 481 3540 fecit.
559 3476 890 3539 contracta
936 3474 1258 3556 extemplo
1318 3474 1597 3557 undique
1642 3474 1938 3557 plaustra
1982 3471 2327 3556 iunctaque

311 3561 484 3627 inter
529 3584 622 3646 se,
669 3567 735 3627 et
782 3561 1116 3628 machinae
1165 3561 1245 3627 ad
1285 3562 1729 3626 subducendas
1765 3582 1961 3626 naves
2010 3560 2326 3644 admotae,
