2654 3913
651 194 863 250 LIBER
900 196 1094 252 XXIV.
1168 195 1320 252 CAP.
1367 204 1446 252 16.
1489 203 1568 252 17.
1647 198 1721 268 [a.
1761 198 1818 253 C.
1858 195 1984 267 214]
2141 228 2146 233 ·
2249 194 2330 259 19

314 339 499 405 tium.
577 340 889 424 adparata
924 341 1220 407 convivia
1256 341 1555 406 omnibus
1591 341 1659 405 in
1694 341 2040 426 propatulo
2080 340 2330 405 aedium
2373 351 2437 400 1⁷

316 427 591 512 fuerant3
653 429 733 493 ad
791 450 865 494 ea
918 428 1288 494 invitabant
1344 427 1831 512 Gracchumque
1897 429 2197 513 orabant,
2261 433 2335 492 ut

319 516 568 599 epulari
595 518 1005 600 permitteret
1033 518 1370 582 militibus,
1436 521 1502 582 et
1530 516 1859 582 Gracchus
1891 519 1986 582 ita
2023 517 2335 600 permisit,

315 605 373 670 si
398 604 469 668 in
500 605 759 688 publico
794 606 1207 690 epularentur
1241 627 1461 670 omnes
1492 610 1642 671 ante
1673 628 1822 671 suas
1852 606 2119 689 quisque
2149 603 2334 669 fores

316 692 573 777 prolata
619 695 855 760 omnia.
925 694 1175 777 pilleati
1214 696 1327 757 aut
1363 694 1516 759 lana
1553 694 1702 758 alba
1738 694 1969 759 velatis
2012 692 2333 775 capitibus
2376 703 2439 752 18

317 780 580 847 volones
629 781 875 865 epulati
922 785 1099 866 sunt,
1146 782 1258 846 alii
1306 783 1717 865 accubantes,
1765 780 1879 846 alii
1917 784 2191 864 stantes,
2228 781 2337 864 qui

320 867 513 933 simul
562 869 1014 935 ministrabant
1049 870 1618 956 vescebanturque.
1686 869 1884 954 digna
1919 891 2023 934 res
2060 868 2227 952 visa,
2264 872 2337 931 ut
2379 880 2442 928 19

321 956 739 1022 simulacrum
803 958 1110 1023 celebrati
1179 958 1313 1022 eius
1381 958 1507 1022 diei
1574 957 1927 1041 Gracchus,
1990 960 2337 1041 postquam

319 1042 598 1110 Romam
635 1045 855 1129 rediit,
894 1046 1076 1131 pingi
1111 1046 1364 1111 iuberet
1408 1047 1477 1109 in
1524 1046 1678 1111 aede
1717 1045 2099 1123 Libertatis,
2145 1066 2336 1128 quam

319 1136 507 1214 pater
543 1134 677 1198 eius
714 1134 785 1199 in
814 1134 1141 1200 Aventino
1183 1155 1259 1198 ex
1287 1135 1645 1200 multaticia
1671 1135 1944 1219 pecunia
1978 1132 2338 1198 faciendam

321 1222 569 1285 curavit
611 1221 1071 1307 dedicavitque.

496 1308 701 1377 XVII.
746 1309 917 1376 Dum
964 1310 1124 1375 haec
1170 1310 1250 1374 ad
1295 1308 1735 1376 Beneventum
1785 1314 2117 1395 geruntur,
2162 1310 2337 1374 Han·
2380 1321 2406 1369 1

322 1397 502 1461 nibal
531 1398 957 1483 depopulatus
987 1419 1215 1483 agrum
1233 1397 1737 1482 Neapolitanum
1767 1399 1848 1463 ad
1865 1398 2110 1463 Nolam
2128 1400 2340 1462 castra

323 1488 559 1549 movet.
646 1508 835 1570 quem
881 1488 992 1551 ubi
1039 1486 1385 1552 adventare
1433 1487 1659 1551 consul
1707 1486 1934 1569 sensit,
1981 1484 2339 1567 Pomponio
2380 1497 2410 1543 2

324 1575 742 1656 propraetore
789 1595 932 1638 cum
980 1595 1053 1639 eo
1103 1575 1416 1656 exercitu,
1463 1574 1572 1658 qui
1619 1595 1810 1660 super
1855 1571 2226 1638 Suessulam
2273 1572 2342 1635 in

327 1660 556 1725 castris
604 1665 769 1744 erat,
810 1664 1017 1729 accito
1065 1664 1159 1727 ire
1209 1663 1467 1728 obviam
1505 1662 1679 1726 hosti
1715 1665 1903 1746 parat
1938 1684 2056 1728 nec
2091 1683 2340 1726 moram

325 1747 675 1814 dimicandi
720 1749 946 1817 facere.
1037 1750 1106 1817 O.
1154 1748 1496 1816 Claudium
1542 1748 1867 1815 Neronem
1919 1772 2063 1815 cum
2109 1749 2341 1814 robore
2375 1763 2411 1811 3

326 1837 610 1922 equitum
658 1838 914 1905 silentio
960 1840 1167 1905 noctis
1214 1860 1330 1923 per
1377 1860 1668 1903 aversam
1714 1839 1989 1905 maxime
2029 1836 2109 1902 ab
2156 1839 2345 1904 hoste

324 1929 582 2012 portam
630 1927 872 1993 emittit
918 1927 1538 2011 circumvectumque
1577 1928 1823 1994 occulte
1863 1926 2167 2012 subsequi
2205 1948 2342 1993 sen·

328 2014 451 2079 sim
503 2035 735 2099 agmen
783 2016 1073 2081 hostium
1119 2017 1300 2081 iubet
1350 2020 1439 2098 et,
1492 2036 1637 2081 cum
1686 2020 1976 2082 coortum
2021 2016 2342 2101 proelium

328 2100 593 2185 videret,
621 2103 701 2166 ab
731 2108 917 2186 tergo
948 2125 1016 2168 se
1045 2104 1316 2169 obicere.
1372 2104 1437 2167 id
1471 2126 1684 2169 errore
1711 2105 1961 2169 viarum
1990 2125 2076 2167 an
2105 2104 2342 2188 exigui·
2375 2119 2408 2166 4

326 2192 463 2253 tate
501 2190 814 2272 temporis
842 2190 1016 2256 Nero
1057 2193 1317 2275 exsequi
1354 2214 1485 2257 non
1523 2192 1833 2276 potuerit,
1870 2192 2188 2256 incertum
2227 2196 2342 2258 est.

328 2278 594 2343 absente
642 2298 716 2343 eo
763 2300 907 2343 cum
961 2281 1278 2364 proelium
1337 2280 1745 2345 commissum
1803 2283 2000 2364 esset,
2055 2280 2344 2366 superior
2372 2294 2405 2344 5

327 2367 583 2451 quidem
635 2365 806 2431 haud
863 2367 1053 2433 dubie
1107 2369 1439 2434 Romanus
1497 2372 1663 2452 erat3
1719 2368 1831 2434 sed
1889 2370 2039 2453 quia
2096 2369 2344 2454 equites

324 2475 454 2519 non
501 2454 760 2520 adfuere
804 2456 872 2520 in
918 2460 1233 2541 tempore,
1288 2458 1458 2522 ratio
1506 2459 1900 2540 compositae
1946 2458 2038 2522 rei
2082 2457 2346 2522 turbata

328 2547 445 2608 est.
519 2563 650 2607 non
698 2564 888 2609 ausus
929 2545 1184 2628 insequi
1221 2544 1520 2610 cedentes
1556 2545 1899 2610 Marcellus
1936 2546 2349 2611 vincentibus

329 2630 464 2695 suis
485 2630 744 2715 signum
766 2633 1052 2716 receptui
1072 2632 1261 2698 dedit.
1307 2634 1453 2716 plus
1474 2637 1691 2698 tamen
1713 2634 1836 2698 duo
1858 2633 2039 2696 milia
2055 2633 2341 2697 hostium
2375 2649 2406 2698 6

329 2740 403 2784 eo
461 2718 562 2782 die
620 2738 804 2784 caesa
859 2721 1225 2804 traduntur,
1271 2721 1550 2786 Romani
1605 2721 1815 2785 minus
1872 2719 2343 2803 quadringenti.

327 2808 482 2873 solis
521 2807 655 2872 fere
693 2827 921 2873 occasu
951 2806 1126 2875 Nero
1165 2809 1334 2874 diem
1369 2813 1751 2894 noctemque
1782 2808 2172 2892 nequiquam
2201 2806 2343 2872 fati·
2376 2824 2405 2872 ‘1

327 2898 499 2980 gatis
538 2895 719 2979 equis
756 2895 1252 2982 hominibusque
1289 2918 1373 2962 ne
1401 2899 1539 2964 viso
1580 2896 1835 2982 quidem
1863 2896 2051 2962 hoste
2088 2897 2343 2961 rediens

328 2984 486 3048 adeo
534 2984 818 3068 graviter
873 2988 973 3050 est
1033 2986 1115 3050 ab
1172 2988 1437 3051 consule
1483 2986 1858 3071 increpitus,
1913 2989 1986 3050 ut
2038 3007 2154 3069 per
2200 3006 2343 3050 eum

329 3071 589 3136 stetisse
645 3071 909 3157 diceret,
966 3094 1091 3157 quo
1146 3073 1364 3138 minus
1420 3078 1684 3157 accepta
1747 3074 1827 3139 ad
1883 3070 2138 3139 Cannas
2202 3073 2345 3138 red-

329 3160 586 3224 deretur
628 3159 803 3224 hosti
850 3161 1081 3227 clades,
1170 3166 1434 3245 postero
1481 3164 1581 3228 die
1628 3163 1960 3228 Romanus
2016 3163 2082 3226 in
2141 3161 2342 3225 aciem
2373 3176 2407 3224 8

328 3247 672 3331 descendit,
690 3246 961 3333 Poenus,
979 3250 1182 3314 tacita
1208 3250 1409 3315 etiam
1437 3249 1840 3317 confessione
1868 3250 2093 3332 victus,
2115 3246 2342 3311 castris

327 3358 394 3403 se
440 3336 667 3412 tenuit,
740 3338 935 3401 tertio
981 3337 1084 3403 die
1131 3338 1391 3403 silentio
1435 3339 1643 3404 noctis
1691 3340 1931 3403 omissa
1976 3356 2088 3419 spe
2133 3332 2343 3399 Nolae

324 3426 700 3509 potiundae,
737 3425 830 3489 rei
858 3446 1211 3510 numquam
1237 3448 1544 3509 prospere
1581 3428 1962 3509 temptatae,
1990 3423 2343 3488 Tarentum

326 3515 408 3578 ad
452 3517 793 3580 certiorem
843 3535 1021 3599 spem
1069 3514 1457 3597 proditionis
1502 3511 1949 3595 proficiscitur.

1842 3612 1915 3667 2*
