2654 3913
677 155 894 210 LLBER,
929 156 1122 210 XXVI.
1201 155 1352 212 CAP.
1392 162 1441 214 s.
1480 162 1527 211 τ.
1606 157 1682 227 [a.
1712 156 1770 216 c,
1799 159 1929 229 211]
2185 159 2311 224 119

298 300 582 365 militum
618 300 687 366 in
722 321 1072 385 proxumos
1107 304 1364 366 montes
1396 299 1649 385 fugere3
1687 300 1803 365 sed
1838 321 1981 364 eam
2021 301 2312 365 celeriter
2352 314 2419 362 12

298 388 627 473 cognitam
653 387 943 453 fraudem
974 409 1478 472 oppressamque
1516 408 1755 473 magna
1784 388 1975 453 caede
1999 388 2315 472 hostium3

298 476 673 559 elephantos
709 477 853 561 igni
891 498 926 541 e
965 477 1194 542 castris
1233 480 1511 542 exactos.
1574 474 1718 541 Hoc
1754 476 2055 541 ultimum
2097 509 2171 521 -
2213 479 2313 540 ut·
2355 488 2421 537 13

298 586 569 649 cumque
614 565 851 630 initum
894 565 1277 649 finitumque
1318 568 1417 629 est
1460 600 1533 611 -
1578 568 1727 629 ante
1769 563 2160 629 deditionem
2197 561 2314 629 Ca-

294 675 461 737 puae
505 654 824 738 proelium
862 652 1005 718 fuit.
1077 653 1289 717 medix
1325 653 1595 736 tuticus,
1642 652 1752 737 qui
1790 674 2075 717 summus
2112 651 2316 734 magi·

297 744 543 807 stratus
591 740 760 826 apud
809 738 1174 825 Campanos
1222 743 1348 825 est,
1395 762 1470 807 eo
1516 762 1686 806 anno
1737 739 2011 824 Seppius
2046 739 2315 805 Loesius

298 833 465 913 erat,
527 830 671 895 loco
729 828 1003 894 obscuro
1061 829 1368 914 tenuique
1420 829 1684 894 fortuna
1739 834 1940 894 ortus.
2040 831 2317 893 matrem
2356 840 2420 887 14

298 918 437 982 eius
494 916 817 1001 quondam
872 938 990 1000 pro
1057 918 1308 1000 pupillo
1366 938 1442 981 eo
1496 920 1947 1001 procurantem
1999 915 2316 981 familiare
2365 961 2372 962 κ

297 1008 651 1089 ostentum,
706 1026 847 1070 cum
900 1005 1343 1089 respondisset
1395 1004 1720 1089 haruspex
1773 1026 2096 1070 summum
2144 1001 2316 1090 quod

298 1096 471 1158 esse't
514 1093 858 1176 imperium
897 1089 1160 1177 Capuae
1204 1096 1661 1178 perventurum
1708 1093 1790 1158 ad
1835 1114 1981 1159 eum
2025 1114 2316 1177 puerum,

296 1180 462 1245 nihil
510 1181 592 1245 ad
648 1201 790 1247 eam
846 1202 1025 1265 spem
1081 1182 1580 1265 adgnoscentem
1628 1181 1861 1246 dixisse
1913 1179 2195 1245 ferunt
2203 1179 2315 1245 ne
2358 1191 2422 1241 15

296 1275 371 1333 tu
398 1269 685 1353 perditas
713 1289 817 1333 res
848 1266 1327 1353 Campanorum
1355 1291 1606 1352 narras,
1641 1269 1754 1333 ubi
1793 1290 2079 1333 summus
2105 1268 2315 1334 honos

299 1357 378 1421 ad
423 1357 633 1422 filium
670 1377 885 1421 meum
921 1355 1314 1440 perveniet?
1382 1378 1457 1420 ea
1491 1356 1843 1420 ludificatio
1881 1357 2018 1420 veri
2062 1359 2130 1419 et
2173 1357 2317 1438 ipsa
2343 1368 2423 1416 16

297 1446 369 1508 in
412 1465 636 1509 verum
680 1443 903 1527 vertit3
963 1464 1117 1507 nam
1174 1465 1320 1507 cum
1366 1443 1537 1507 fame
1590 1443 1890 1527 ferroque
1936 1446 2319 1545 urgerentur

298 1552 419 1598 nec
476 1552 625 1616 spes
678 1531 818 1595 ulla
871 1535 1237 1616 superesset
1288 1530 1435 1596 sisti
1477 1550 1685 1614 posse,
1736 1530 1844 1612 iis,
1898 1531 2007 1611 qui
2057 1530 2197 1595 nati
2249 1530 2319 1594 in

300 1640 482 1704 spem
528 1620 851 1685 honorum
898 1623 1108 1704 erant,
1152 1619 1432 1684 honores
1474 1618 2011 1702 detrectantibus,
2045 1616 2317 1683 Loesius
2359 1630 2423 1679 1⁷

301 1708 624 1794 querendo
673 1703 993 1773 desertam
1041 1729 1116 1773 ac
1159 1708 1488 1793 proditam
1523 1731 1562 1773 a
1597 1706 1988 1792 primoribus
2029 1704 2318 1790 Capuam

300 1809 623 1862 summum
670 1796 1130 1880 magistratum
1175 1795 1446 1861 ultimus
1501 1797 1791 1861 omnium
1838 1792 2318 1879 Campanorum

297 1908 368 1950 ce

370 1886 626 2044 μῧῌ.
673 1972 975 2038 Ceterum
1002 1973 1334 2038 Hannibal
1372 1977 1446 2036 ut
1471 1994 1588 2038 nec
1614 1972 1825 2037 hostis
1865 1973 2009 2038 elici
2038 1973 2317 2055 amplius
2358 1985 2386 2033 1

304 2044 720 2144 adfflugnam
757 2060 924 2124 vidit
957 2081 1165 2144 neque
1207 2082 1326 2144 per
1363 2064 1575 2125 castra
1613 2081 1833 2124 eorum
1871 2061 2201 2142 perrumpi
2236 2060 2319 2123 ad

301 2147 593 2233 Capuam
647 2168 866 2250 posse,
918 2169 999 2212 ne
1055 2169 1205 2213 suos
1261 2169 1513 2231 quoque
1569 2151 1967 2213 commeatus
2019 2146 2319 2211 interclu·
2356 2159 2390 2208 2

300 2238 528 2302 derent
553 2236 707 2303 novi
735 2237 1051 2321 consules,
1086 2235 1429 2302 abscedere
1455 2234 1654 2301 inrito
1682 2236 1939 2319 incepto
1970 2237 2036 2300 et
2063 2255 2319 2300 movere

302 2349 343 2390 a
397 2322 620 2411 Capua
674 2325 907 2391 statuit
961 2328 1190 2391 castra.
1278 2325 1486 2390 multa
1539 2346 1782 2408 secum,
1838 2345 2118 2407 quonam
2171 2322 2319 2390 inde
2355 2335 2390 2386 3

300 2415 394 2480 ire
452 2418 776 2499 pergeret,
832 2414 1120 2479 volventi
1177 2413 1380 2479 subiit
1439 2413 1722 2479 animum
1763 2413 2063 2517 impetus
2125 2416 2320 2497 caput

301 2503 516 2585 ipsum
561 2502 720 2565 belli
754 2501 1030 2566 Romam
1066 2502 1360 2585 petendi,
1405 2502 1584 2567 cuius
1628 2502 1723 2565 rei
1770 2522 2020 2585 sempe1
2066 2502 2319 2584 cupitae

301 2587 827 2674 praetermissam
864 2590 1266 2653 occasionem
1301 2593 1457 2673 post
1489 2587 1885 2653 Cannensem
1926 2609 2217 2672 pugnam
2257 2592 2322 2654 et

303 2677 416 2744 alii
460 2675 661 2761 vulgo
694 2675 1058 2740 fremebant
1094 2681 1161 2740 et
1194 2676 1334 2759 ipse
1369 2696 1501 2740 non
1539 2674 2018 2740 dissimulabat.
2063 2676 2318 2759 necopi-
2357 2688 2392 2736 4

301 2772 458 2832 nato
487 2786 727 2849 pavore
756 2785 832 2829 ac
864 2763 1147 2829 tumultu
1183 2785 1315 2828 non
1354 2784 1493 2828 esse
1531 2761 1997 2866 desperandum
2034 2763 2320 2847 aliquam

303 2858 557 2939 partem
602 2852 783 2919 urbis
838 2853 1139 2938 occupari
1190 2865 1437 2935 posse31
1468 2855 1561 2937 et,
1616 2852 1672 2917 si
1716 2851 1925 2916 Roma
1975 2852 2045 2916 in
2097 2851 2318 2916 discri-
2356 2862 2392 2912 5

303 2943 474 3007 mine
531 2945 724 3026 esset,
788 2938 1078 3024 Capuam
1143 2939 1468 3024 extemplo
1535 2940 1885 3005 omissuros
1950 2945 2066 3005 aut
2128 2941 2318 3005 ambo

304 3032 727 3115 imperatores
773 3027 1104 3095 Romanos
1151 3032 1266 3094 aut
1311 3029 1588 3094 alterum
1635 3049 1713 3092 ex
1757 3028 1863 3112 iis,
1911 3033 2001 3113 et,
2055 3027 2113 3094 si
2160 3028 2321 3094 divi·

305 3119 543 3183 sissent
589 3138 809 3201 cop1as
818 3168 836 3201 ,
888 3120 1232 3201 utrumque
1278 3117 1701 3182 infirmiorem
1745 3116 1991 3182 factum
2037 3119 2150 3182 aut
2193 3115 2322 3182 sibi

303 3209 420 3272 aut
457 3205 805 3289 Campanis
841 3206 1003 3270 bene
1041 3205 1353 3291 gerendae
1381 3205 1476 3270 rei
1502 3205 1828 3270 fortunam
1859 3205 2123 3270 daturos
2162 3225 2320 3269 esse.

301 3317 433 3361 una
478 3317 557 3360 ea
612 3316 763 3359 cura
817 3294 1127 3378 angebat,
1169 3315 1279 3379 ne,
1338 3293 1452 3357 ubi
1497 3292 1946 3377 abscessisset,
1993 3291 2317 3376 extemplo
2355 3303 2390 3354 6

302 3384 688 3449 dederentur
734 3379 1068 3466 Campani.
1155 3381 1508 3448 Numidam
1554 3383 1929 3465 promptum
1975 3379 2058 3444 ad
2104 3380 2321 3446 omnia

304 3472 601 3539 audenda
644 3472 1010 3556 ayendaque
1057 3470 1238 3535 donis
1294 3469 1573 3554 perlicit,
1627 3472 1701 3535 ut
1755 3469 1992 3535 litteris
2038 3468 2319 3554 acceptis
