2654 3913
335 190 466 253 166
617 188 832 243 LIBER
867 189 1063 245 XXVI.
1139 188 1293 244 CAP.
1332 195 1416 243 44.
1455 195 1540 245 45.
1618 190 1690 261 [a.
1729 189 1793 244 U.
1834 206 1880 244 6.
1920 191 2049 261 544]

334 356 682 418 parumper
727 354 1003 416 cessere,
1048 337 1125 398 ut
1168 332 1504 417 propiores
1546 332 1848 398 subsidiis
1893 334 1965 397 in
2001 334 2354 399 certamine

262 432 301 481 4
338 422 482 505 ipso
521 422 1001 487 summittendis
1039 425 1271 486 essent.
1351 425 1417 486 et
1450 420 1661 505 primo
1695 421 1867 485 haud
1905 422 2190 505 impares
2230 425 2353 487 ste-

336 513 474 575 tere
520 512 716 596 acies3
762 510 1051 575 subsidia
1102 509 1329 583 deinde
1374 509 1726 573 identidem
1776 509 2121 574 summissa
2168 532 2203 573 e
2250 531 2355 574 ca-

338 599 493 664 stris
537 620 671 663 non
717 601 1090 663 averterunt
1132 599 1343 663 solum
1390 598 1459 663 in
1493 598 1719 682 fugam
1755 597 1990 680 hostis,
2036 596 2149 661 sed
2193 596 2355 661 adeo

339 687 556 752 effusis
594 687 1000 770 institerunt,
1046 689 1119 751 ut
1152 687 1283 751 m'si
1317 687 1607 770 receptui
1643 685 2008 768 cecinisset,
2051 685 2357 769 permixti

266 783 301 832 5
339 775 738 860 fugientibus
784 775 1109 858 inrupturi
1152 774 1353 839 fuisse
1399 776 1471 838 in
1505 774 1731 839 urbem
1768 734 2153 838 videreiitur.
2226 777 2357 837 tre-

336 864 584 945 pidatio
622 884 773 928 vero
809 885 942 928 non
977 864 1049 927 in
1080 864 1326 945 proelio
1364 862 1574 927 maior
1609 883 1804 946 quam
1838 865 1980 927 tota
2016 861 2174 926 urbe
2212 860 2354 926 fuit.

336 950 581 1014 multae
628 951 941 1015 stationes
985 971 1226 1032 pavore
1263 953 1459 1033 atque
1504 950 1664 1034 fuga
1705 949 1999 1015 desertae
2037 952 2213 1033 sunt,
2257 972 2344 1013 re

337 1036 604 1121 lictique
657 1038 856 1120 muri,
911 1059 1085 1120 cum,
1140 1060 1268 1122 qua
1321 1038 1550 1120 cuique
1610 1041 1749 1101 erat
1796 1038 2192 1121 proximum,
2253 1036 2357 1101 de-

270 1136 304 1184 6
342 1126 693 1190 siluissent.
766 1125 938 1209 quod
968 1125 1083 1189 ubi
1109 1145 1407 1209 egressus
1435 1122 1653 1207 Scipio
1690 1126 1759 1188 in
1786 1126 2138 1209 tumulum,
2166 1146 2359 1208 quem

337 1212 619 1278 Mercuri
662 1216 926 1297 vocant,
969 1212 1453 1297 animadvertit,
1502 1211 1725 1277 multis
1768 1213 2066 1296 partibus
2110 1212 2359 1277 nudata

339 1302 785 1368 defensoribus
832 1302 1090 1368 moenia
1135 1324 1301 1388 esse,
1356 1302 1565 1367 omnis
1612 1322 1648 1366 e
1693 1301 1924 1365 castris
1970 1301 2214 1366 excitos
2259 1301 2358 1366 ire

269 1401 302 1449 7
341 1392 422 1457 ad
477 1392 979 1476 oppugnandam
1032 1391 1255 1456 urbem
1311 1393 1378 1455 et
1430 1390 1598 1455 ferre
1653 1389 1863 1455 scalas
1918 1389 2116 1454 iubet.
2215 1388 2358 1473 ipse

339 1479 538 1545 trium
582 1501 739 1563 prae
784 1500 852 1543 se
896 1480 1200 1543 iuvenum
1244 1478 1605 1544 validorum
1660 1478 1859 1544 scutis
1906 1476 2224 1562 oppositis
2270 1514 2359 1524 —

339 1570 574 1651 ingens
621 1568 793 1632 enim
845 1567 977 1631 iam
1031 1567 1131 1631 vis
1177 1568 1388 1632 omnis
1444 1567 1696 1650 generis
1750 1566 2028 1631 telorum
2075 1588 2108 1629 e
2154 1566 2357 1630 muris

340 1657 609 1721 volabat
643 1691 728 1702 —
766 1653 851 1719 ad
886 1654 1112 1719 urbem
1150 1654 1458 1737 succedit,
1503 1654 1831 1737 hortatur,
1875 1655 2155 1736 imperat
2191 1675 2358 1738 quae

268 1753 304 1800 8
341 1745 410 1807 in
453 1764 590 1806 rem
638 1745 815 1824 sunt,
860 1740 1146 1825 quodque
1187 1744 1556 1824 plurumum
1603 1740 1685 1804 ad
1721 1741 2154 1805 accendendos
2192 1742 2358 1804 mili·

338 1835 480 1895 tum
508 1828 757 1892 animos
784 1828 1123 1910 intererat,
1158 1829 1348 1893 testis
1387 1832 1840 1912 spectatorque
1867 1828 2128 1893 virtutis
2160 1832 2358 1912 atque

270 1928 304 1976 9
341 1917 641 2005 ignaviae
701 1916 1005 2001 cuiusque
1065 1914 1268 1983 adest.
1357 1916 1579 2001 itaque
1636 1917 1707 1982 in
1762 1916 2033 1982 vulnera
2091 1937 2167 1982 ac
2224 1915 2359 1982 tela

341 2011 562 2091 ruunt,
624 2028 830 2091 neque
892 2007 1044 2071 illos
1109 2007 1278 2071 muri
1340 2027 1549 2089 neque
1614 2008 2056 2089 superstantes
2121 2006 2358 2070 armati

237 2105 306 2154 10
343 2118 559 2163 arcere
597 2099 865 2182 queunt,
903 2096 1059 2179 quin
1094 2095 1393 2160 certatim
1432 2094 1801 2160 ascendant.
1867 2098 1934 2158 et
1967 2095 2050 2158 ab
2085 2093 2358 2159 navibus

344 2185 568 2250 eodem
631 2188 926 2267 tempore
989 2205 1092 2266 ea,
1155 2204 1320 2266 quae
1379 2183 1545 2247 mari
1599 2183 1909 2265 adluitur,
1970 2203 2123 2263 pars
2176 2182 2357 2246 urbis

343 2272 709 2369 oppugnari
762 2274 988 2351 coepta
1044 2273 1160 2333 est.
1251 2275 1536 2334 ceterum
1582 2271 1899 2333 tumultus
1954 2269 2103 2333 inde
2147 2270 2358 2335 maior

238 2367 301 2416 11
342 2378 536 2441 quam
565 2356 664 2419 vis
700 2355 991 2420 adhiberi
1017 2359 1290 2437 poterat.
1364 2356 1515 2418 dum
1544 2354 1898 2439 adplicant,
1936 2355 2087 2419 dum
2116 2357 2357 2440 raptim

341 2446 669 2529 exponunt
696 2443 902 2509 scalas
940 2442 1325 2526 militesque,
1361 2442 1529 2524 dum,
1567 2464 1695 2546 qua
1731 2443 1960 2528 cuique
1989 2444 2358 2526 proximum

277 2611 285 2620 ,
342 2537 469 2618 est,
513 2533 582 2598 in
625 2535 869 2597 terram
903 2530 1170 2596 evadere
1214 2534 1594 2615 properant,
1638 2532 1786 2615 ipsa
1828 2531 2247 2597 festinatione
2293 2539 2360 2597 et

274 2633 302 2680 1
343 2621 692 2689 certamine
747 2621 862 2686 alii
918 2620 1081 2685 alios
1136 2619 1495 2703 inpediunt.
1582 2618 1779 2686 XLV.
1832 2620 2004 2685 inter
2057 2620 2218 2687 haec
2261 2643 2356 2686 re-

341 2713 633 2797 pleverat
678 2710 811 2775 iam
847 2708 1099 2774 Poenus
1138 2709 1408 2773 armatis
1445 2729 1693 2793 murOS,
1739 2713 1805 2773 et
1848 2709 1946 2773 vis
1994 2729 2236 2795 magna
2282 2731 2360 2774 ex

270 2809 304 2858 2
341 2799 592 2885 ingenti
637 2799 824 2882 copia
869 2799 1179 2882 congesta
1220 2797 1502 2862 telorum
1549 2796 2023 2880 suppeditabat.
2093 2797 2205 2861 sed
2248 2819 2358 2862 ne-

343 2909 467 2973 que
524 2887 648 2952 viri
705 2908 824 2950 nec
877 2887 1012 2951 tela
1072 2906 1191 2950 nec
1253 2886 1595 2970 quicquam
1659 2885 1837 2950 aliud
1899 2906 2101 2969 aeque
2165 2906 2360 2970 quam

342 2975 602 3039 moenia
644 2974 790 3057 ipsa
834 2994 976 3038 sese
1009 2973 1458 3039 defendebant.
1533 2994 1718 3038 rarae
1756 2973 1926 3038 enim
1963 2974 2175 3038 scalae
2211 2974 2360 3039 alti-

340 3061 552 3128 tudini
606 3062 871 3144 aequari
922 3064 1248 3145 poterant,
1302 3067 1371 3125 et
1424 3083 1549 3146 quo
1606 3082 1892 3146 quaeque
1947 3061 2208 3126 altiores
2219 3111 2238 3145 ,
2284 3083 2359 3126 eo

272 3162 306 3210 3
344 3148 730 3216 infirmiores
761 3152 963 3214 erant.
1034 3149 1257 3232 itaque
1293 3170 1439 3214 cum
1469 3172 1756 3217 summus
1787 3150 2056 3233 quisque
2092 3149 2360 3214 evadere

340 3261 476 3305 non
517 3240 766 3321 posset,
826 3237 1119 3302 subirent
1175 3241 1395 3302 tamen
1454 3238 1596 3322 alii,
1649 3259 1843 3303 onere
1899 3236 2045 3320 ipso
2104 3237 2358 3320 frange·

342 3329 598 3390 bantur.
650 3325 909 3408 quidam
937 3325 1261 3390 stantibus
1295 3327 1508 3408 scaliS,
1535 3347 1680 3390 cum
1709 3324 1986 3390 altitudo
2016 3326 2359 3408 caliginem

270 3423 307 3469 4
344 3412 548 3477 oculis
580 3413 939 3496 offudisset,
977 3413 1060 3477 ad
1087 3416 1326 3477 terram
1357 3414 1558 3479 delati
1595 3417 1764 3478 sunt.
1836 3416 1901 3477 et
1937 3433 2080 3478 cum
2114 3412 2360 3495 passim

338 3495 638 3561 homines
696 3499 1032 3582 scalaeque
1086 3504 1374 3586 ruerent,
1428 3506 1496 3566 et
1552 3501 1694 3585 ipso
1743 3520 2040 3566 successu
2095 3499 2363 3563 audacia
