2654 3913
550 201 762 256 LIBER
797 202 991 257 XXIV.
1066 203 1221 257 CAP.
1261 208 1346 258 25.
1387 210 1471 259 26.
1549 205 1622 274 [a.
1663 205 1720 260 c,
1760 207 1886 276 214]
2146 206 2231 270 29

214 347 457 412 nullam
509 367 727 412 earum
774 347 990 411 vivere
1037 346 1270 411 debere
1314 369 1433 412 nec
1481 369 1866 432 quemquam
1904 371 2231 433 superesse

213 438 634 518 tyrannorum
690 435 931 521 stirpis,
1034 456 1110 499 ea
1163 439 1397 500 natura
1451 436 1885 501 multitudinis
1942 440 2066 502 est:
2123 442 2234 503 aut
2270 449 2302 499 8

214 523 414 587 servit
477 523 808 588 humiliter
874 527 986 588 aut
1049 524 1322 606 superbe
1389 524 1783 608 dominatur3
1848 524 2233 610 libertatem,

215 633 377 695 quae
433 612 647 677 media
702 617 828 695 est,
883 633 1002 677 nec
1057 612 1185 675 sibi
1240 633 1471 694 parare
1530 613 1778 678 modice
1832 634 1949 678 nec
1993 613 2232 678 habere

215 700 441 764 sciunt.
490 703 556 765 et
581 722 716 765 non
741 700 945 764 ferme
975 700 1206 764 desunt
1233 701 1475 764 irarum
1504 700 1913 784 indulgentes
1933 702 2233 786 ministri,
2271 713 2303 761 9

214 788 323 871 qui
369 787 592 853 avidos
650 792 842 871 atque
898 788 1406 872 intemperantes
1466 789 1925 876 supplicipr-Qm
1983 790 2232 854 animos

214 874 296 940 ad
343 868 727 961 sanguinem
773 880 839 940 et
884 876 1106 941 caedes
1153 875 1452 959 inritent5
1511 877 1680 941 sicut
1722 881 1862 942 tum
1911 879 2231 961 extemplo
2275 890 2341 939 10

212 966 546 1048 praetores
593 965 995 1049 rogationem
1031 938 1591 1057 proffifflg‘a'rufftff
1604 968 1992 1050 acceptaque
2028 988 2234 1048 paene
2271 1000 2364 1017 s·-

211 1052 392 1134 prius
450 1073 643 1135 quam
700 1053 1118 1138 promulgata
1172 1056 1298 1137 est,
1353 1056 1428 1118 ut
1473 1074 1692 1118 omnes
1745 1055 1964 1138 regiae
2013 1054 2232 1135 stirpis

212 1140 744 1205 interficerentur.
851 1141 1163 1224 missique
1237 1163 1275 1205 a
1339 1143 1746 1224 praetoribus
1810 1142 2236 1207 Damaratam

212 1227 516 1294 Hieronis
554 1233 619 1295 et
654 1228 1083 1294 Harmoniam
1124 1227 1393 1294 Gelonis
1429 1230 1658 1314 filiam,
1695 1231 2000 1317 coniuges
2031 1230 2233 1296 Adra-

211 1317 442 1382 nodori
488 1321 555 1381 et
598 1317 947 1400 Themisti,
992 1317 1472 1382 interfecerunt.

387 1404 625 1470 XXVI.
679 1405 988 1470 Heraclia
1033 1408 1175 1470 erat
1218 1406 1357 1470 filia
1401 1405 1734 1491 Hieronis,
1780 1428 1941 1472 uxor
1987 1406 2234 1492 Zoippi,
2275 1420 2301 1467 1

215 1493 326 1578 qui
352 1493 607 1577 legatus
637 1494 720 1558 ab
739 1493 1139 1577 Hieronymo
1168 1495 1500 1578 ad'regem
1517 1494 1968 1559 Ptolomaeum
1997 1496 2234 1559 missus

214 1581 651 1646 voluntarium
701 1582 1102 1647 consciverat
1156 1582 1438 1648 exilium.
1530 1604 1606 1646 ea
1651 1603 1794 1647 cum
1843 1583 1922 1647 ad
1970 1604 2038 1647 se
2086 1603 2234 1667 quo·
2273 1595 2305 1642 2

215 1691 338 1754 que
385 1669 591 1735 veniri
635 1671 1048 1755 praescisset,
1103 1670 1173 1734 in
1226 1670 1581 1736 sacrarium
1638 1670 1719 1735 ad
1772 1675 2041 1755 penates
2088 1692 2234 1737 con-

211 1757 384 1843 fugit
427 1779 572 1823 cum
619 1759 830 1823 duabu
875 1759 1168 1911 νρζαὲμε
1207 1759 1568 1844 virginibus
1609 1759 1911 1825 resolutis
1950 1760 2234 1825 crinibus

215 1845 694 1931 miserabilique
733 1781 946 1912 8ὶίἓῖ
976 1782 1055 1911 bi
1089 1870 1130 1911 u
1169 1851 1235 1911 et
1273 1847 1355 1911 ad
1394 1869 1469 1912 ea
1507 1848 1750 1912 addidit
1785 1869 2006 1932 preces
2017 1899 2035 1932 ,
2063 1869 2235 1913 nunc
2272 1860 2306 1910 3

212 1956 325 2019 per
351 1936 516 2019 deos,
541 1955 708 2001 nunc
723 1955 840 2019 per
868 1936 1244 2001 memoriam
1273 1934 1579 2002 Hieronis
1606 1937 1812 2021 patris
1843 1936 2232 2022 Gelonisque

212 2023 461 2106 fratriS‚
506 2045 589 2088 ne
636 2045 704 2087 se
750 2024 1079 2088 innoxiam
1126 2025 1369 2089 invidia
1405 2024 1788 2109 Hieronymi
1836 2027 2235 2110 conflagrare

214 2111 526 2175 sinerent:
573 2111 737 2175 nihil
783 2132 851 2175 se
900 2133 978 2176 ex
1021 2132 1223 2197 regno
1269 2113 1449 2177 illius
1496 2120 1753 2196 praeter
1798 2114 2061 2178 exilium
2109 2113 2234 2178 viri
2270 2126 2305 2172 4
2403 2151 2411 2161 ·

212 2197 479 2283 habere;
514 2220 720 2283 neque
756 2199 1084 2264 fortunam
1123 2222 1306 2265 suam
1346 2201 1797 2274 eandemvivo
1834 2200 2232 2285 Hieronymo
2289 2229 2325 2248 κ

213 2287 412 2353 fuisse
442 2309 635 2371 quam
668 2289 933 2372 sororis,
963 2310 1167 2372 neque
1196 2289 1537 2355 interfecto
1567 2312 1643 2356 eo
1674 2311 1935 2388 caqsam
1957 2290 2235 2389 χθεῃιὶᾰεῆιη
2264 2325 2330 2351 „a

214 2397 373 2442 esse.
446 2376 645 2460 quid?
682 2377 877 2461 quod,
907 2376 963 2441 si
993 2378 1417 2443 Adranodoro
1448 2379 1719 2444 consilia
1746 2375 2233 2463 processissent,
2271 2391 2303 2440 5

213 2463 328 2527 illa
384 2485 526 2529 cum
582 2465 722 2531 viro
781 2465 978 2530 fuerit
1032 2470 1414 2552 regnatura,
1470 2467 1594 2531 sibi
1640 2489 1784 2533 cum
1832 2469 2060 2533 ceteris
2109 2490 2236 2534 ser-

212 2551 531 2617 viendum.
603 2553 661 2616 si
706 2554 847 2636 quis
889 2552 1135 2638 Zoippo
1172 2555 1430 2620 nuntiet
1462 2554 1873 2620 interfectum
1914 2556 2232 2640 Hierony·
2271 2570 2302 2618 6

212 2662 390 2704 mum
447 2661 522 2705 ac
575 2640 887 2706 liberatas
943 2640 1315 2727 Syracusas,
1372 2644 1475 2708 cui
1529 2643 1790 2708 dubium
1848 2666 2015 2727 esse,
2073 2646 2227 2728 quin

213 2729 533 2811 extemplo
592 2749 1056 2794 conscensurus
1123 2730 1210 2794 sit
1272 2754 1504 2796 navem
1570 2735 1762 2815 atque
1821 2732 1890 2795 in
1950 2733 2228 2814 patriam

211 2816 577 2882 rediturus?
644 2822 958 2901 quantum
1016 2839 1160 2902 spes
1215 2819 1550 2885 hominum
1605 2819 1774 2884 falli!
1839 2820 1906 2884 in
1952 2820 2231 2886 liberata
2271 2833 2299 2882 7

211 2906 426 2989 patria
473 2906 815 2990 coniugem
874 2908 1010 2971 eius
1059 2928 1134 2972 ac
1179 2907 1423 2973 liberos
1481 2908 1559 2973 de
1605 2909 1742 2973 vita
1797 2908 2100 2975 dimicare
2152 2947 2226 2956 -

209 2993 368 3078 quid
416 2993 749 3059 obstantes
796 2995 1086 3060 libertati
1133 2998 1247 3060 aut
1291 2997 1587 3081 legibus?
1644 2997 1813 3081 quod
1861 2998 1940 3062 ab
1991 3020 2060 3064 se
2106 2999 2230 3065 cui·
2271 3011 2302 3059 8

210 3104 406 3166 quam
452 3083 831 3167 periculum,
887 3106 927 3149 a
974 3084 1111 3148 sola
1166 3105 1240 3148 ac
1284 3106 1486 3167 prope
1532 3086 1726 3150 vidua
1773 3091 1838 3151 et
1883 3087 2116 3170 puellis
2163 3089 2232 3153 in

210 3170 493 3236 orbitate
523 3169 902 3253 degentibus
933 3172 1115 3236 esse?
1164 3176 1234 3237 at
1273 3173 1445 3237 enim
1475 3174 1745 3258 periculi
1777 3175 2034 3258 quidem
2062 3175 2230 3239 nihil

210 3259 291 3324 ab
359 3280 429 3325 se
495 3257 743 3341 timeri,
807 3260 1083 3324 invisam
1146 3264 1366 3325 tamen
1441 3263 1710 3346 stirpem
1763 3263 2008 3346 regiam
2071 3282 2230 3325 esse.

211 3348 594 3431 ablegarent
623 3367 779 3431 ergo
806 3348 1029 3431 procul
1068 3350 1149 3414 ab
1181 3347 1514 3434 Syracusis
1546 3348 1889 3433 Siciliaque
1917 3354 1983 3414 et
2011 3370 2228 3432 aspor-
2267 3359 2298 3407 9

207 3437 334 3520 tari
361 3436 824 3501 Alexandriam
852 3436 1149 3502 iuberent
1186 3438 1439 3502 adssviru
1543 3458 1836 3519 uxorem,
1866 3439 1946 3502 ad
1972 3441 2228 3523 patrem

208 3524 394 3592 filias.
468 3526 712 3592 aversis
760 3525 1024 3592 auribus
1073 3525 1458 3609 animisque:
1507 3525 1660 3609 quid
1698 3519 2092 3622 cessarent?
2146 3548 2227 3591 ne
2269 3536 2335 3584 10
