2654 3913
350 235 393 297 2
726 231 940 285 mnan
974 229 1170 286 xx1v.
1247 229 1400 283 CAP.
1442 236 1489 283 ι..
1566 231 1639 297 [a.
1677 228 1741 284 Π.
1780 246 1826 285 ο.
1864 229 1994 302 539]

348 379 472 443 bus
519 380 714 462 esset,
761 380 827 442 et
870 377 939 440 in
985 374 1119 440 dies
1165 375 1375 439 maior
1425 374 1723 439 omnibus
1769 375 1975 457 portis
2021 375 2363 439 multitudo

281 477 314 524 3
354 465 620 551 effundi3
674 468 1005 550 postremo
1060 463 1109 527 ii
1154 463 1347 528 modo
1401 463 1609 527 relicti
1664 463 1733 526 in
1786 463 1946 526 urbe
1993 468 2198 547 erant,
2253 464 2363 546 qui

352 555 613 618 reficere
658 575 877 617 muros
923 572 997 617 ac
1039 554 1262 635 portas
1298 551 1557 635 telaque
1593 551 1662 614 in
1696 551 2183 634 propugnacula
2219 573 2366 616 con-

281 652 316 699 4
354 662 575 726 gerere
634 642 1051 725 cogebantur.
1147 639 1217 702 in
1268 640 1654 723 permixtam
1709 639 1996 703 omnium
2052 641 2363 704 aetatium

353 730 779 812 ordinumque
816 726 1295 791 multitudinem
1334 730 1401 790 et
1435 730 1780 811 vagantem
1811 727 1880 790 in
1916 728 2090 812 agris
2127 747 2365 812 magna

353 839 432 880 ex
467 819 653 898 parte
692 817 1002 879 inermem
1031 812 1371 877 Hamilcar
1396 814 1651 879 Poenus
1690 816 1937 899 equites
1976 817 2209 896 emisit,
2238 817 2364 899 qui,

351 902 593 967 violare
640 914 1026 986 quemquam
1064 901 1279 983 vetiti,
1324 905 1580 965 tantum
1626 904 1700 967 ut
1744 903 1828 968 ab
1874 905 2033 968 urbe
2076 904 2363 968 exclude-

284 999 318 1049 6
354 993 499 1053 rent
542 990 701 1074 fuga
746 989 1124 1072 dissipatOS,
1168 991 1417 1052 turmas
1464 989 1774 1054 obiecere.
1863 991 1991 1055 dux
2035 992 2173 1074 ipse
2219 992 2363 1057 loco

354 1077 682 1160 superiore
728 1082 945 1161 capt0,
999 1076 1166 1141 unde
1214 1098 1405 1161 agros
1460 1078 1800 1158 urbemque
1852 1083 2075 1159 posset
2120 1080 2365 1162 conspi-

353 1187 519 1249 cere,
563 1165 968 1231 Bruttiorum
1013 1164 1345 1229 cohortem
1392 1164 1567 1228 adire
1613 1186 1831 1230 muros
1871 1168 2063 1248 atque
2103 1187 2364 1230 evocare

351 1253 676 1337 principes
732 1252 1149 1317 Locrensium
1206 1252 1286 1315 ad
1342 1251 1755 1334 conloquium
1810 1252 2003 1316 iussit
2059 1256 2123 1316 et
2176 1255 2364 1337 polli-

353 1345 569 1405 centes
616 1341 966 1405 amicitiam
1010 1339 1400 1404 Hannibalis
1448 1339 1780 1403 adhortari
1835 1340 1916 1404 ad
1959 1341 2187 1406 urbem
2231 1346 2365 1406 tra-

282 1439 316 1487 6
355 1429 641 1493 dendam.
713 1428 987 1493 Bruttiis
1032 1428 1102 1492 in
1147 1427 1489 1511 conloquio
1535 1427 1779 1492 nullius
1825 1428 1920 1493 rei
1955 1429 2165 1511 primo
2207 1430 2364 1494 fides

356 1521 480 1603 est3
509 1517 755 1601 deinde,
777 1521 851 1581 ut
868 1517 1121 1583 Poenus
1150 1515 1451 1599 apparuit
1476 1514 1546 1578 in
1574 1516 1850 1581 collibus
1879 1520 1945 1580 et
1970 1517 2364 1602 refugientes

352 1606 542 1690 pauci
581 1607 779 1670 aliam
817 1627 1072 1670 omnem
1109 1603 1588 1668 multitudinem
1624 1604 1693 1667 in
1727 1608 2050 1686 potestate
2078 1606 2363 1670 hostium

355 1715 494 1757 esse
523 1693 926 1775 adferebant,
962 1696 1103 1756 tum
1130 1695 1307 1755 metu
1334 1691 1492 1755 victi
1521 1692 1928 1755 consulturos
1958 1713 2026 1756 se
2053 1695 2363 1775 populum

285 1791 315 1839 7
354 1780 838 1863 responderunt.
912 1779 1347 1862 advocataque
1392 1778 1717 1861 extemplo
1764 1779 2063 1843 contione
2110 1801 2252 1844 cum
2300 1785 2366 1845 et

353 1868 720 1932 levissimus
786 1865 1055 1951 quisque
1128 1888 1331 1931 novas
1392 1887 1495 1930 res
1568 1887 1929 1950 novamque
1993 1868 2365 1932 societatem

353 1956 627 2021 mallent
671 1959 764 2038 et,
810 1978 1082 2040 quorum
1128 1955 1476 2039 propinqui
1524 1958 1707 2019 extra
1760 1955 1985 2019 urbem
2029 1956 2364 2022 interclusi

355 2045 438 2109 ab
497 2044 796 2109 hostibus
856 2047 1067 2127 erant,
1124 2044 1305 2108 velut
1364 2044 1697 2108 obsidibus
1760 2043 1930 2107 datis
1990 2045 2364 2129 pigneratos

285 2144 317 2194 8
354 2134 670 2198 haberent
706 2132 982 2216 animos,
1016 2131 1208 2214 pauci
1239 2126 1451 2216 magis
1478 2130 1667 2196 taciti
1694 2132 2045 2215 probarent
2072 2137 2365 2198 constan·

356 2227 488 2285 tem
533 2221 726 2284 fidem
772 2231 966 2303 quam
1000 2219 1345 2302 probatam
1382 2221 1554 2284 tueri
1591 2220 1921 2302 auderent,
1956 2219 2131 2284 haud
2170 2221 2364 2285 dubio

284 2320 317 2367 9
356 2309 424 2372 in
469 2308 746 2392 speciem
794 2328 1105 2372 consensu
1150 2306 1227 2371 fit
1271 2306 1355 2371 ad
1399 2306 1650 2371 Poenos
1698 2306 1954 2371 deditio.
2043 2306 2115 2372 L.
2159 2309 2364 2373 Atilio

354 2396 681 2480 praefecto
708 2395 1015 2480 praesidii
1045 2393 1279 2478 quique
1309 2416 1450 2460 cum
1480 2415 1555 2459 eo
1583 2394 1825 2458 milites
1853 2393 2130 2459 Romani
2161 2401 2366 2480 erant,

356 2486 525 2549 clam
569 2485 641 2548 in
683 2487 941 2568 portum
987 2483 1276 2547 deductis
1324 2487 1517 2564 atque
1561 2481 1888 2565 impositis
1933 2483 2000 2546 in
2036 2483 2250 2567 navis,
2290 2489 2366 2549 ut

355 2571 636 2656 Regium
683 2571 1169 2653 deveherentur,
1212 2569 1651 2634 Hamilcarem
1689 2568 2063 2654 Poenosque
2104 2593 2182 2636 ea
2217 2594 2365 2637 con-

357 2660 633 2745 dicione,
676 2664 751 2724 ut
795 2659 1018 2723 foedus
1074 2658 1399 2741 extemplo
1457 2658 1678 2741 aequis
1730 2658 1981 2742 legibus
2043 2659 2251 2740 fieret,
2296 2661 2365 2724 in

256 2758 322 2806 ιο
360 2750 582 2813 urbem
630 2748 1026 2830 acceperunt.
1115 2746 1294 2811 cuius
1341 2746 1434 2810 rei
1478 2768 1681 2829 prope
1729 2766 1863 2810 non
1907 2750 2160 2811 servata
2204 2748 2364 2812 fides

359 2836 591 2899 deditis
639 2839 763 2917 est,
810 2856 955 2899 cum
998 2833 1249 2898 Poenus
1297 2834 1444 2898 dolo
1492 2833 1825 2897 dimissum
1864 2833 2227 2898 Romanum
2273 2836 2365 2900 in-

257 2933 317 2982 11
360 2927 642 3005 cusaret,
686 2922 1034 2988 Locrenses
1080 2921 1443 3005 profugisse
1488 2921 1702 3004 ipsum
1748 2926 2181 2988 causarentur.
2271 2923 2365 2988 in-

360 3012 565 3077 secuti
610 3011 804 3075 etiam
843 3010 1092 3094 equites
1131 3013 1307 3092 sunt,
1354 3009 1411 3073 si
1455 3030 1582 3091 quo
1629 3030 1783 3073 casu
1828 3009 1897 3072 in
1940 3008 2109 3074 freto
2148 3013 2364 3075 aestus

358 3100 600 3164 morari
621 3108 732 3164 aut
749 3098 992 3162 deferre
1012 3119 1209 3162 naves
1233 3098 1561 3161 interram
1589 3100 1828 3180 posset.
1874 3102 1940 3162 et
1953 3119 2069 3163 eos
2091 3099 2364 3182 quidem,

360 3210 522 3273 quos
569 3188 1033 3271 sequebantur,
1075 3206 1209 3250 non
1262 3188 1415 3250 sunt
1468 3184 1712 3268 adepti3
1766 3184 1929 3250 alias
1983 3208 2023 3250 a
2067 3185 2365 3250 Messana

257 3287 323 3335 12
360 3276 716 3341 traicientis
762 3275 929 3339 freto
975 3274 1253 3357 Regium
1298 3295 1496 3338 naves
1547 3278 2034 3355 conspexerunt.
2123 3274 2365 3339 milites

361 3369 547 3429 erant
581 3363 857 3427 Romani
894 3385 934 3427 a
962 3359 1234 3426 Claudio
1270 3365 1570 3445 praetore
1607 3362 1794 3425 missi
1829 3362 1910 3426 ad
1947 3362 2365 3426 obtinendam

358 3453 585 3516 urbem
612 3452 953 3535 praesidiO.
1018 3451 1237 3534 itaque
1266 3450 1472 3534 Regio
1501 3451 1821 3533 extemplo
1852 3450 2219 3513 abscessum
2250 3454 2367 3516 est.

256 3551 322 3599 18
358 3538 782 3606 Locrensibus
828 3542 1008 3605 iussu
1048 3538 1437 3604 Hannibalis
1482 3538 1635 3604 data
1677 3560 1832 3623 pax,
1876 3540 1954 3602 ut
1997 3538 2187 3602 liberi
2232 3538 2368 3604 suis
