2654 3913
643 226 863 281 LIBER
898 227 1066 282 XXV.
1143 228 1297 284 CAP.
1338 235 1421 284 34.
1462 234 1544 283 35.
1622 229 1694 297 [a.
1735 230 1793 284 O.
1832 233 1960 301 212]
2218 232 2304 297 99

297 368 425 432 dux
483 371 709 434 cautus
765 372 832 434 et
883 370 1227 453 providens
1275 368 1491 455 Scipio
1545 371 1757 436 victus
1810 373 2305 439 necessitatibus
2343 387 2375 435 ‘1

299 457 714 521 temerarium
762 459 937 540 capit
982 458 1341 542 consilium,
1385 463 1460 524 ut
1502 463 1691 524 nocte
1734 460 2001 526 Indibili
2047 461 2306 526 obviam

253 544 424 613 .iret
477 548 564 629 et,
619 566 1020 629 quocumque
1077 548 1459 611 occurrisset
1512 548 1682 630 loco,
1725 550 2041 631 proelium
2088 570 2307 615 conse-

297 636 488 697 reret.
561 633 784 697 relicto
831 634 1033 717 igitur
1078 635 1331 699 modico
1377 635 1696 718 praesidio
1742 637 1814 701 in
1860 637 2097 702 castris.
2124 657 2305 721 prae·
2343 648 2377 698 8

296 721 640 805 positoque
695 720 794 785 Ti.
846 721 1122 787 Fonteio
1178 723 1395 806 legato
1454 723 1667 787 media
1724 729 1915 790 nocte
1974 726 2305 808 profectus

299 830 444 873 cum
492 809 700 874 obviis
745 808 1042 875 hostibus
1090 812 1320 875 manus
1369 812 1709 877 conseruit.
1789 814 2051 897 agmina
2096 814 2305 897 magis
2344 823 2375 871 9

298 918 492 981 quam
546 897 714 962 acies
760 898 1171 983 pugnabant,
1217 899 1511 982 superior
1556 903 1792 985 tamen,
1835 906 1911 966 ut
1955 903 2024 966 in
2066 901 2305 967 tumul-

296 985 513 1049 tuaria
556 1004 793 1069 pugna,
838 985 1168 1051 Romanus
1217 990 1373 1051 erat.
1446 990 1729 1053 ceterum
1776 993 1842 1054 et
1887 991 2135 1074 equites
2173 988 2305 1055 Nu-

300 1072 510 1136 midae
554 1077 841 1158 repente,
897 1095 1056 1158 quos
1109 1074 1423 1140 fefellisse
1478 1097 1546 1140 se
1583 1077 1731 1141 ‘dux
1774 1081 1952 1142 ratus
1985 1082 2167 1162 erat,
2223 1079 2304 1141 ab

298 1161 611 1226 lateribus
684 1163 1054 1227 circumfusi
1127 1184 1437 1247 magnum
1498 1167 1812 1230 terrorem
1873 1166 2178 1248 intulere,
2250 1170 2306 1231 et
2327 1175 2392 1225 10

301 1251 627 1314 contracto
693 1250 997 1315 adversus
1061 1248 1380 1315 Numidas
1440 1253 1788 1324 certamine
1847 1254 2014 1318 novo
2073 1254 2303 1319 tertius

298 1336 561 1421 insuper
607 1336 869 1402 advenit
904 1338 1132 1421 hostis,
1177 1338 1367 1402 duces
1404 1336 1609 1402 Poeni
1655 1339 1944 1404 adsecuti
1990 1342 2071 1404 ab
2119 1346 2304 1423 tergo

298 1425 429 1488 iam
473 1425 853 1508 pugnantis3
901 1444 1261 1507 ancepsque
1305 1425 1622 1508 proelium
1667 1425 1993 1491 Romanos
2040 1427 2306 1491 circum-

300 1514 574 1576 steterat
617 1511 914 1592 incertos‚
959 1512 1029 1575 in
1067 1532 1254 1595 quem
1291 1512 1704 1595 potissimum
1739 1513 1995 1578 hostem
2035 1535 2305 1597 quamve

300 1600 369 1663 in
439 1602 692 1683 partem
766 1598 1039 1664 conferti
1112 1600 1519 1682 eruptionem
1591 1600 1889 1666 facerent.
1986 1603 2305 1687 pugnanti
2329 1612 2390 1660 11

297 1686 715 1771 hortantique
767 1688 1144 1771 imperatori
1199 1691 1265 1752 et
1318 1688 1614 1753 offerenti
1670 1710 1765 1771 se,
1820 1690 1935 1754 ubi
1988 1689 2305 1774 plurimus

300 1774 484 1856 labor
530 1778 697 1860 erat,
740 1776 913 1841 latus
963 1776 1257 1841 dextrum
1304 1775 1528 1841 lancea
1571 1778 1899 1861 traicitur3
1944 1798 2305 1862 cuneusque

299 1865 353 1928 is
414 1864 730 1948 hostium,
794 1865 906 1949 qui
964 1865 1033 1929 in
1094 1864 1417 1930 confertos
1478 1867 1648 1931 circa
1706 1866 1928 1931 ducem
1990 1867 2305 1950 impetum

297 1951 565 2036 fecerat,
625 1956 702 2018 ut
761 1952 1121 2018 exanimem
1183 1953 1509 2019 labentem
1568 1976 1645 2019 ex
1715 1976 1878 2038 equo
1940 1952 2307 2038 Scipionem

300 2040 489 2122 vidit,
545 2041 787 2104 alacres
843 2041 1076 2124 gaudio
1133 2062 1278 2104 cum
1334 2041 1614 2106 clamore
1668 2063 1783 2124 per
1837 2045 2046 2106 totam
2102 2042 2307 2106 aciem

299 2128 676 2192 nuntiantes
708 2127 1072 2192 discurrunt
1097 2127 1557 2212 imperatorem
1584 2127 1952 2193 Romanum
1986 2128 2307 2194 cecidisse.

302 2238 378 2280 ea
433 2218 788 2301 pervagata
843 2215 1089 2299 passim
1151 2237 1299 2298 voit,
1357 2220 1431 2281 ut
1491 2220 1556 2281 et
1613 2217 1836 2282 hostes
1890 2216 2063 2282 haud
2118 2215 2305 2282 dubie
2330 2227 2392 2275 12

301 2326 416 2388 pro
490 2305 844 2370 victoribus
919 2307 985 2368 et
1045 2303 1323 2369 Romani
1387 2326 1504 2388 pro
1567 2305 1756 2370 victis
1821 2307 2065 2389 essent,
2133 2304 2304 2370 fecit.

299 2394 457 2478 fuga
511 2393 851 2458 confestim
906 2414 984 2457 ex
1039 2393 1173 2457 acie
1230 2393 1388 2458 duce
1434 2394 1673 2458 amisso
1718 2395 1858 2458 fieri
1905 2398 2133 2478 coepta
2178 2397 2392 2476 est313

262 2486 582 2563 ,ceterum
625 2484 700 2544 ut
744 2481 840 2544 ad.
870 2480 1331 2563 erumpendum
1376 2482 1545 2546 inter
1581 2479 1897 2546 Numidas
1943 2483 2302 2566 leviumque

304 2587 632 2630 armorum
677 2565 808 2629 alia
854 2569 1094 2630 auxilia
1135 2567 1309 2631 haud
1355 2568 1639 2633 difficilis
1686 2572 1842 2651 erat,
1885 2569 1981 2640 ita
2026 2570 2306 2651 effugere
2329 2577 2396 2625 14

302 2657 559 2719 tantum
606 2653 892 2736 equitum
938 2654 1463 2736 aequantiumque
1508 2675 1705 2737 equos
1755 2654 2098 2719 velocitate
2135 2653 2308 2738 pedi-

302 2745 442 2807 tum
480 2741 588 2805 vix
623 2742 953 2824 poterant3
994 2740 1288 2822 caesique
1323 2761 1525 2824 prope
1562 2740 1780 2824 plures
1817 2741 1887 2805 in
1921 2741 2079 2825 fuga
2114 2763 2308 2824 quam

302 2831 370 2894 in
405 2849 625 2914 pugna
662 2833 828 2912 sunt,
866 2850 985 2894 nec
1021 2826 1446 2911 superfuisset
1482 2828 1838 2913 quisquam,
1873 2828 1941 2893 ni
1969 2827 2310 2913 praecipiti

302 2918 433 2982 iam
481 2918 562 2981 ad
607 2939 947 3002 vesperum
991 2915 1093 2981 die
1137 2937 1265 2980 nox
1311 2915 1781 2981 intervenisset.

477 3004 740 3070 XXXV.
812 3003 1002 3071 Haud
1048 3003 1334 3088 segniter
1378 3003 1525 3068 inde
1571 3003 1760 3069 duces
1795 3003 1998 3069 Poeni
2039 3002 2307 3071 fortuna
2347 3013 2375 3062 1

302 3094 406 3157 usi
470 3093 808 3157 confestim
871 3114 906 3157 e
969 3093 1217 3178 proelio
1281 3091 1391 3159 vix
1454 3092 1815 3157 necessaria
1879 3093 2089 3175 quiete
2157 3092 2309 3156 data

302 3180 621 3245 militibus
682 3181 762 3245 ad
805 3179 1277 3246 Hasdrubalem
1322 3178 1712 3245 Hamilcaris
1760 3181 2030 3246 citatum
2076 3200 2311 3262 agmen

302 3269 568 3355 rapiunt
603 3289 734 3333 non
772 3268 970 3338 dubia
1005 3290 1138 3353 spe,
1181 3289 1321 3334 cum
1358 3288 1422 3334 sc
1458 3268 1954 3350 coniunxissent,
2000 3265 2310 3331 debellari

301 3378 510 3441 posse.
602 3377 727 3441 quo
772 3356 886 3420 ubi
930 3359 1367 3440 estventum,
1412 3356 1583 3420 inter
1628 3355 1944 3419 exercitus
1992 3353 2307 3437 ducesque
2345 3364 2378 3412 2

301 3445 576 3510 victoria
619 3444 862 3509 recenti
898 3444 1116 3532 'laetos
1164 3443 1515 3528 gratulatio
1562 3442 1787 3527 ingens
1823 3442 1998 3507 facta
2034 3441 2310 3525 impera-

200 3602 201 3605 ,
301 3535 456 3597 tore·
499 3535 683 3597 tanto
741 3545 886 3597 cum
942 3531 1118 3596 omni
1174 3531 1459 3596 exercitu
1504 3530 1715 3596 deleto
1765 3533 1830 3596 et
1875 3530 2145 3619 alteram
2189 3550 2308 3615 pro

1920 3630 1988 3689 ⁷2*
