2654 3913
362 169 450 232 56
754 168 968 222 LIBER
1002 168 1170 222 xxv.
1247 169 1398 223 CAP.
1439 176 1486 224 1.
1553 140 1639 241 ’[α.
1678 171 1742 225 U.
1782 188 1827 226 ο.
1869 153 1997 243 541]

363 311 797 395 proditionem
853 313 1030 377 urbis
1079 313 1577 378 Tarentinorum
1633 315 2000 397 potiundae.
2090 316 2380 400 ipsorum

364 400 626 464 interim
664 397 1167 465 Sallentinorum
1213 400 1538 485 ignobiles
1584 402 1776 466 urbes
1826 402 1906 465 ad
1952 424 2096 467 eum
2143 403 2380 468 defece·

292 499 327 548 2
364 492 537 554 runt.
612 489 835 553 eodem
874 492 1167 572 tempore
1203 489 1272 554 in
1307 488 1565 554 Brittiis
1604 510 1680 553 ex
1725 489 2059 554 duodecim
2101 491 2379 574 populis,

367 577 480 659 qui
526 597 692 642 anno
737 578 953 659 priore
1000 577 1081 641 ad
1125 576 1376 642 Poenos
1423 577 1848 661 desciverant,
1895 574 2277 643 Consentini
2315 582 2381 642 et

292 676 326 724 3
370 663 679 729 Tauriani
725 665 793 728 in
839 665 1031 728 fidem
1078 666 1302 747 populi
1338 664 1616 730 Romani
1658 665 2008 750 redierunt3
2055 668 2120 729 et
2161 667 2378 750 plures

365 752 710 835 redissent,
754 751 824 815 ni
868 752 937 815 Τ.
973 752 1367 836 Pomponius
1406 751 1828 834 Veientanus,
1873 752 2231 838 praefectus
2281 774 2379 817 so-

367 841 563 921 cium,
599 840 929 921 prosperis
969 840 1220 922 aliquot
1253 841 1786 922 populationibus
1824 842 1892 905 in
1931 862 2088 927 agro
2118 840 2376 906 Bruttio

364 926 523 990 iusti
568 925 744 989 ducis
794 925 1070 1008 speciem
1108 929 1335 990 nactus
1373 929 1795 993 tumultuario
1835 931 2119 994 exercitu
2156 932 2377 994 coacto

293 1025 330 1073 4
366 1034 510 1078 cum
538 1011 858 1077 Hannone
885 1013 1295 1077 conflixisset.
1351 1034 1590 1098 magna
1623 1016 1716 1079 ibi
1744 1016 1842 1080 vis
1878 1016 2240 1101 hominum,
2268 1016 2381 1081 sed

365 1101 734 1165 inconditae
799 1100 1029 1164 turbae
1086 1101 1437 1185 agrestium
1485 1112 1965 1186 servorumque,
2021 1125 2207 1168 caesa
2265 1106 2381 1168 aut

366 1191 556 1271 capta
584 1192 701 1252 est.
747 1187 1085 1252 minimum
1112 1189 1401 1254 iacturae
1431 1188 1583 1272 fuit,
1621 1190 1789 1273 quod
1817 1189 2177 1273 praefectus
2205 1189 2379 1255 inter

365 1279 612 1355 ceteros
661 1279 760 1340 est
805 1279 1058 1360 captus,
1116 1280 1182 1342 et
1234 1280 1376 1341 tum
1429 1277 1811 1342 temerariae
1855 1298 2109 1363 pugnae
2155 1281 2387 1343 auctor-

236 1430 239 1433 ,
366 1368 433 1429 et
478 1368 628 1430 ante
665 1364 1045 1449 publicanus
1084 1364 1382 1447 omnibus
1421 1366 1610 1429 malis
1650 1366 1897 1431 artibus
1937 1370 2003 1430 et
2038 1365 2133 1430 rei
2168 1366 2398 1450 publi··

293 1464 328 1514 5
366 1475 477 1519 cae
525 1457 589 1518 et
634 1453 1050 1519 societatibus
1097 1453 1327 1518 infidus
1385 1452 1874 1538 damnosusque.
1965 1452 2379 1539 Sempronius

365 1543 591 1607 consul
646 1543 715 1606 in
768 1541 1046 1607 Lucanis
1103 1543 1312 1606 multa
1365 1542 1615 1625 proelia
1666 1564 1897 1625 parva,
1947 1537 2153 1606 haud'
2177 1542 2380 1608 ullum

364 1630 631 1714 dignum
668 1634 1027 1694 memoratu
1063 1629 1219 1694 fecit
1255 1633 1320 1693 et
1352 1630 1672 1712 ignobilia
1709 1630 1947 1712 oppida
1973 1629 2377 1693 Lucanorum

365 1719 618 1801 aliquot
663 1717 1072 1798 expugnavit.

292 1816 327 1864 6
506 1821 510 1826 ’
542 1803 683 1879 Quo
719 1802 958 1866 diutius
992 1802 1375 1866 trahebatur
1411 1803 1655 1865 bellum
1691 1805 1758 1864 et
1791 1801 2131 1865 variabant
2159 1822 2378 1866 secun-

364 1891 483 1955 dae
522 1890 954 1974 adversaeque
991 1910 1093 1952 res
1122 1910 1253 1953 non
1278 1889 1606 1952 fortunam
1644 1888 1853 1974 magis
1896 1909 2088 1973 quam
2128 1889 2377 1954 animos

362 1979 726 2062 hominum,
771 1982 957 2043 tanta
1001 1977 1237 2061 religio
1285 1980 1352 2040 et
1389 1997 1466 2040 ea
1500 1991 1854 2060 magna'ex
1890 1977 2076 2060 parte
2115 1981 2378 2043 externa

365 2069 692 2134 civitatem
737 2066 1028 2149 incessit,
1074 2070 1148 2130 ut
1194 2067 1306 2128 aut
1344 2064 1641 2129 homines
1679 2068 1793 2130 aut
1828 2065 1932 2129 dei
1965 2070 2228 2149 repente
2267 2066 2377 2130 alii

295 2169 327 2218 ‘1
366 2157 730 2223 viderentur
774 2155 948 2219 facti.
1018 2174 1136 2217 nec
1181 2152 1311 2215 iam
1357 2152 1427 2216 in
1464 2156 1708 2218 secreto
1746 2154 1933 2218 modo
1974 2158 2167 2237 atque
2204 2154 2378 2218 intra

362 2245 644 2328 parietes
674 2242 1099 2306 abolebantur
1126 2239 1408 2304 Romani
1434 2240 1631 2325 ritus,
1658 2241 1768 2305 sed
1795 2242 1864 2305 in
1889 2241 2148 2324 publico
2180 2242 2378 2305 etiam

366 2351 440 2396 ac
484 2329 627 2393 foro
677 2327 1128 2411 Capitolioque
1185 2326 1532 2392 mulierum
1584 2328 1776 2391 turba
1830 2332 1969 2392 erat
2021 2349 2139 2393 nec
2184 2328 2378 2393 sacri·

294 2431 335 2479 8-
364 2417 696 2482 ficantium
732 2435 848 2479 nec
885 2415 1284 2498 precantium
1322 2415 1475 2479 deos
1517 2415 1728 2498 patrio
1766 2436 1959 2479 more.
2033 2416 2379 2481 sacrificuli

366 2526 439 2570 ac
480 2507 658 2568 vates
698 2507 1002 2585 ceperant
1036 2504 1370 2568 hominum
1407 2505 1681 2586 mentes3
1730 2524 2002 2587 quorum
2037 2525 2377 2568 numerum

365 2592 547 2659 auxit
589 2591 832 2656 rustica
876 2591 1087 2676 plebs,
1144 2613 1222 2656 ex
1267 2591 1532 2655 incultis
1578 2591 1826 2656 diutino
1872 2592 2046 2656 bello
2094 2591 2377 2657 infestis-

367 2704 489 2767 que
555 2680 730 2767 agris
796 2682 1082 2764 egestate
1147 2683 1214 2743 et
1274 2683 1454 2743 metu
1512 2680 1578 2742 in
1638 2680 1863 2744 urbem
1920 2680 2254 2762 conpulsa,
2312 2682 2379 2743 et

338 2774 674 2855 'quaestus
713 2789 791 2833 ex
818 2768 1027 2832 alieno
1059 2788 1272 2831 errore
1310 2767 1552 2850 facilis,
1591 2788 1780 2851 quem
1818 2766 1997 2831 velut
2034 2787 2378 2831 concessae

294 2869 328 2917 9
367 2859 529 2922 artis
556 2877 677 2921 usu
707 2856 1106 2920 exercebant.
1177 2854 1389 2938 primo
1420 2857 1701 2919 secretae
1732 2855 2048 2919 bonorum
2085 2853 2377 2939 indigna·
2418 2933 2426 2939 ,

365 2946 576 3009 tiones
615 2942 1145 3025 exaudiebantur3
1184 2942 1409 3006 deinde
1447 2942 1527 3006 ad
1561 2942 2015 3024 patresetiam
2051 2962 2126 3007 ac
2166 2943 2376 3025 publi—

262 3043 330 3093 ιο
366 3055 507 3098 cam
563 3031 1028 3116 querimoniam
1086 3030 1359 3094 excessit
1416 3051 1537 3093 res.
1624 3029 1903 3094 incusati
1957 3030 2243 3114 graviter
2296 3030 2376 3095 ab

367 3124 594 3186 senatu
651 3118 888 3184 aediles
943 3117 1390 3201 triumvirique
1445 3117 1777 3200 capitales,
1832 3118 2002 3201 quod
2054 3140 2188 3183 non
2228 3140 2375 3202 pro-

366 3208 690 3291 hiberent,
749 3226 895 3271 cum
955 3225 1249 3270 emovere
1308 3226 1451 3269 eam
1506 3204 1980 3269 multitudinem
2035 3228 2071 3270 e
2115 3206 2256 3270 foro
2303 3227 2378 3269 ac

367 3297 636 3362 disicere
668 3294 1015 3377 adparatus
1055 3314 1382 3358 sacrorum
1420 3293 1635 3356 conati
1671 3297 1912 3374 essent,
1948 3293 2118 3357 haud
2151 3292 2378 3375 procul

260 3396 327 3443 11
369 3385 548 3469 afuit,
578 3384 734 3468 quin
764 3382 1175 3451 violarentur.
1221 3380 1336 3446 ubi
1362 3381 1691 3466 potentius
1719 3382 1850 3445 iam
1878 3401 2016 3445 esse
2042 3379 2107 3442 id
2134 3380 2377 3443 malum

338 3472 694 3556 apparuit,
743 3492 935 3555 quam
982 3475 1054 3535 ut
1101 3470 1379 3536 minores
1420 3491 1538 3554 per
1572 3469 1990 3555 magistratus
2029 3466 2380 3548 sedaretur,
