2654 3913
347 209 474 273 162
696 207 912 262 LIBER
947 208 1142 265 XXVI.
1217 207 1371 263 CAP.
1409 217 1494 263 41.
1573 212 1646 280 [a.
1688 211 1748 264 ο.
1789 228 1834 266 0.
1875 214 2003 284 544]

272 364 305 413 8
346 356 556 419 aetate
621 374 766 417 mea
827 352 1137 418 videatur.
1230 354 1535 418 adversae
1599 374 1853 439 pugnae
1916 355 1986 419 in
2043 355 2364 440 Hispania

340 442 581 507 nullius
618 442 688 506 in
725 440 942 505 animo
981 464 1174 525 quam
1220 464 1366 506 meo
1408 443 1619 507 minus
1667 443 2031 507 oblitterari
2070 450 2364 528 possunt,

343 530 580 614 quippe
626 530 729 596 cui
774 532 961 613 pater
1000 533 1065 593 et
1098 533 1370 613 patruus
1408 530 1584 595 intra
1618 531 1895 615 triginta
1930 531 2180 597 dierum
2218 554 2364 616 spa-

341 618 537 703 tium,
572 621 647 684 ut
684 618 858 684 aliud
888 639 1080 703 super
1107 619 1280 683 aliud
1319 618 1757 685 cumularetur
1782 619 2070 685 familiae
2095 625 2363 686 nostrae

274 718 305 764 9
345 706 561 789 funus,
607 706 936 771 interfecti
982 711 1160 791 sunt3
1207 705 1320 771 sed
1365 712 1441 771 ut
1484 706 1828 773 familiaris
1864 730 2065 793 paene
2112 709 2363 773 orbitas

343 816 419 860 ac
464 794 747 861 solitudo
790 794 1039 879 frangit
1084 794 1396 879 animum,
1452 795 1548 859 ita
1592 795 1866 880 publica,
1911 818 2058 862 eum
2101 796 2364 862 fortuna

340 886 481 946 tum
527 883 736 948 virtus
792 882 1130 968 desperare
1185 883 1262 962 de
1310 904 1562 947 summa
1605 905 1821 948 rerum
1874 884 2197 969 prohibet.
2287 906 2365 949 ea

338 969 479 1035 fato
526 971 803 1055 quodam
849 970 1004 1035 data
1045 970 1236 1035 nobis
1284 992 1426 1036 nors
1474 975 1599 1053 est,
1644 975 1720 1037 ut
1760 972 2016 1057 magnis
2063 973 2362 1037 omnibus

239 1070 306 1118 10
342 1058 528 1123 bellis
559 1058 715 1123 victi
743 1057 1105 1123 vicerimus,
1176 1061 1400 1124 vetera
1428 1060 1691 1144 omitto,
1718 1058 2089 1145 Porsinam,
2117 1059 2363 1142 Gallos,
2399 1052 2406 1062 ’

344 1144 694 1230 Samnites3
731 1170 770 1211 a
796 1146 1058 1211 Punicis
1095 1146 1286 1212 bellis
1323 1147 1646 1230 incipiam.
1722 1151 1879 1231 quot
1913 1149 2175 1233 classes,
2205 1153 2363 1233 quot

238 1247 299 1294 11
344 1234 561 1319 duces,
621 1238 780 1319 quot
833 1235 1149 1300 exercitus
1202 1236 1418 1319 priore
1471 1236 1645 1300 bello
1708 1236 1932 1301 amissi
1977 1238 2154 1301 sunt!
2227 1236 2362 1300 iam

342 1323 497 1408 quid
531 1323 657 1389 hoc
693 1324 865 1389 bello
903 1324 1299 1389 memorem?
1360 1324 1658 1390 omnibus
1697 1328 1810 1388 aut
1841 1324 1983 1408 ipse
2022 1323 2198 1389 adfui
2235 1325 2360 1389 cla·

340 1412 531 1478 dibus
597 1416 737 1497 aut,
801 1414 1035 1497 quibus
1100 1412 1261 1495 afui,
1327 1413 1609 1478 maxime
1674 1434 1839 1477 unus
1905 1413 2194 1478 omnium
2253 1434 2358 1477 eas

342 1501 534 1567 sensi.
616 1501 881 1584 Trebia,
928 1500 1436 1585 Trasumennus,
1482 1499 1742 1566 Cannae
1789 1500 1943 1586 quid
1989 1501 2166 1566 aliud
2212 1506 2364 1566 sunt

342 1610 539 1674 quam
584 1591 1001 1654 monumenta
1046 1589 1406 1653 occisorum
1464 1590 1859 1654 exercituum
1904 1590 2362 1674 consulumque

239 1688 302 1737 12
341 1676 828 1742 Romanorum?
879 1675 1038 1740 adde
1069 1675 1493 1741 defectionem
1520 1675 1778 1759 Italiae,
1806 1674 2065 1741 Siciliae
2093 1678 2362 1742 maioris

338 1766 548 1849 partis
558 1815 576 1848 ,
614 1763 972 1846 Sardiniae3
1020 1762 1182 1827 adde
1218 1763 1523 1826 ultimum
1563 1767 1878 1827 terrorem
1921 1785 1996 1827 ac
2031 1784 2361 1847 pavorem,

340 1855 555 1917 eastra
590 1850 835 1914 Punica
871 1849 1044 1913 inter
1069 1848 1390 1913 Anienem
1427 1870 1503 1914 ae
1531 1849 1785 1914 moenia
1811 1848 2108 1915 Romana
2141 1852 2361 1933 posita

341 1943 408 2005 et
442 1939 652 2005 visum
686 1959 890 2023 prope
927 1937 999 2003 in
1032 1937 1244 2024 portis
1279 1938 1592 2003 victorem
1627 1936 2097 2005 Hannibalem:
2133 1939 2205 2004 in
2235 1939 2362 2006 hac

339 2029 530 2094 ruina
572 2049 790 2094 rerum
837 2027 1023 2093 stetit
1064 2049 1196 2092 una
1231 2027 1490 2111 integra
1526 2031 1721 2112 atque
1757 2027 2114 2094 immobilis
2151 2027 2359 2094 virtus

340 2118 564 2203 populi
619 2116 932 2200 Romani,
996 2115 1159 2182 haec
1218 2117 1439 2182 omnia
1507 2120 1716 2182 strata
1771 2116 1955 2182 humi
2018 2117 2223 2183 erexit
2288 2138 2363 2182 ac

237 2217 303 2265 13
343 2207 625 2272 sustulit.
694 2227 811 2271 vos
858 2204 1148 2269 omnium
1185 2204 1408 2289 primi,
1453 2205 1723 2289 militest,
1767 2209 1921 2289 post
1958 2204 2363 2271 Cannensem

339 2294 589 2360 cladem
643 2292 906 2368 vadenti
957 2291 1359 2357 Hasdrubali
1413 2293 1494 2356 ad
1538 2293 1729 2375 Alpis
1782 2292 2196 2377 Italiamque,
2252 2294 2363 2377 qui

340 2382 398 2446 si
434 2401 503 2445 se
540 2401 686 2444 cum
721 2379 925 2442 fratre
964 2379 1428 2458 coniunxisset,
1462 2379 1713 2443 nullum
1748 2378 1881 2443 iam
1918 2401 2154 2444 nomen
2191 2383 2361 2444 esset

339 2467 567 2553 populi
616 2465 925 2550 Romani,
989 2465 1183 2531 ductu
1239 2466 1650 2552 auspicioque
1707 2466 1915 2551 patris
1971 2469 2097 2532 mei
2160 2467 2357 2533 obsti-

340 2557 548 2643 tistis3
593 2559 661 2622 et
702 2555 828 2620 hae
873 2555 1186 2621 secundae
1232 2576 1338 2619 res
1373 2554 1525 2620 illas
1564 2555 1868 2622 adversas
1879 2557 2363 2645 „sustinuerunt

239 2656 306 2706 14
343 2667 513 2713 nunc
564 2645 971 2730 benignitate
1027 2643 1217 2708 deum
1273 2643 1491 2709 omnia
1547 2644 1851 2729 secunda,
1904 2638 2362 2729 prospera-,qm

343 2735 481 2801 dies
525 2735 802 2800 laetiora
847 2754 925 2798 ac
967 2733 1240 2798 meliora
1284 2732 1357 2796 in
1398 2730 1597 2797 Italia
1633 2730 1980 2816 Siciliaque
2026 2736 2361 2817 geruntur;

240 2833 306 2882 15
346 2846 414 2888 in
469 2821 694 2889 Sicilia
739 2820 1119 2904 Syracusae,
1165 2820 1603 2906 Agrigentum
1647 2825 1936 2905 captum,
1993 2821 2169 2905 pulsi
2220 2825 2362 2886 tota

346 2911 561 2976 insula
610 2910 835 2975 hostes
887 2913 1271 2993 receptaque
1323 2908 1659 2992 provincia
1710 2909 1780 2973 in
1834 2907 2084 2974 dicione
2136 2909 2363 2995 populi

243 3009 311 3058 16
348 2998 628 3064 Romani
673 3001 800 3079 est3
843 2996 915 3061 in
957 2995 1153 3062 Italia
1187 2996 1352 3080 Arpi
1397 2998 1669 3082 recepti,
1715 2994 1940 3080 Capua
1975 3002 2193 3083 capta5
2238 2999 2364 3063 iter

347 3107 535 3151 omne
581 3085 663 3150 ab
708 3084 869 3150 urbe
911 3083 1123 3150 Roma
1165 3085 1423 3168 trepida
1468 3085 1629 3169 fuga
1675 3106 1971 3151 emensus
2016 3085 2365 3172 Hannibal,

298 3210 301 3213 1
343 3175 414 3241 in
469 3175 823 3239 extremum
878 3173 1187 3259 angulum
1252 3173 1397 3258 agri
1449 3172 1697 3239 Bruttii
1760 3175 2136 3261 conpulsus,
2197 3175 2363 3240 nihil

345 3263 480 3329 iam
534 3263 744 3327 maius
800 3267 1102 3347 precatur
1155 3262 1336 3346 deOS,
1401 3283 1595 3345 quam
1649 3265 1725 3327 ut
1778 3262 2088 3328 incolumi
2142 3264 2363 3328 cedere

242 3363 308 3410 17
348 3355 540 3435 atque
578 3351 759 3417 abire
796 3371 873 3415 ex
908 3350 1196 3416 hostium
1232 3354 1410 3415 terra
1444 3350 1656 3415 liceat.
1725 3351 1878 3435 quid
1915 3351 2118 3437 igitur
2151 3351 2362 3415 minus

347 3439 713 3522 conveniat,
757 3438 1027 3521 milites,
1073 3460 1292 3522 quam,
1330 3460 1477 3503 cum
1516 3438 1683 3503 aliae
1721 3460 1914 3522 super
1949 3440 2110 3505 alias
2146 3437 2361 3503 clades

345 3526 854 3609 cumularentur,
892 3547 969 3591 ac
1004 3525 1072 3589 di
1106 3547 1310 3610 prope
1348 3526 1478 3610 ipsi
1518 3547 1664 3592 cum
1691 3526 2060 3592 Hannibale
2098 3528 2365 3610 starent,
