<?xml version="1.0" encoding="UTF-8"?>
<!DOCTYPE html PUBLIC "-//W3C//DTD XHTML 1.0 Transitional//EN"
    "http://www.w3.org/TR/xhtml1/DTD/xhtml1-transitional.dtd">
<html xmlns="http://www.w3.org/1999/xhtml" xml:lang="en" lang="en">
 <head>
  <title>
</title>
<meta http-equiv="Content-Type" content="text/html;charset=utf-8" />
  <meta name='ocr-system' content='tesseract 3.04.00' />
  <meta name='ocr-capabilities' content='ocr_page ocr_carea ocr_par ocr_line ocrx_word'/>
</head>
<body>
  <div class='ocr_page' id='page_1' title='image "./aburbeconditali16livygoog_0078.png"; bbox 0 0 2654 3913; ppageno 0'>
   <div class='ocr_carea' id='block_1_1' title="bbox 368 245 2057 320">
    <p class='ocr_par' dir='ltr' id='par_1_1' title="bbox 368 245 2057 320">
     <span class='ocr_line' id='line_1_1' title="bbox 368 245 2057 320; baseline 0.002 -21"><span class='ocrx_word' id='word_1_1' title='bbox 368 245 453 311; x_wconf 79' lang='lat'><strong>70</strong></span> <span class='ocrx_word' id='word_1_2' title='bbox 659 247 874 301; x_wconf 87' lang='lat' dir='ltr'>LIBER</span> <span class='ocrx_word' id='word_1_3' title='bbox 908 245 1078 302; x_wconf 87' lang='lat' dir='ltr'>XXV.</span> <span class='ocrx_word' id='word_1_4' title='bbox 1152 245 1303 301; x_wconf 82' lang='lat' dir='ltr'><strong>CAP.</strong></span> <span class='ocrx_word' id='word_1_5' title='bbox 1347 253 1427 301; x_wconf 90' lang='lat'><strong>11.</strong></span> <span class='ocrx_word' id='word_1_6' title='bbox 1470 253 1550 302; x_wconf 81' lang='lat'><strong>12.</strong></span> <span class='ocrx_word' id='word_1_7' title='bbox 1629 248 1704 319; x_wconf 84' lang='lat' dir='ltr'><strong>[a.</strong></span> <span class='ocrx_word' id='word_1_8' title='bbox 1742 247 1806 304; x_wconf 89' lang='lat' dir='ltr'><strong>U.</strong></span> <span class='ocrx_word' id='word_1_9' title='bbox 1845 265 1891 303; x_wconf 91' lang='lat' dir='ltr'><strong>c.</strong></span> <span class='ocrx_word' id='word_1_10' title='bbox 1930 249 2057 320; x_wconf 81' lang='lat'>542]</span> 
     </span>
    </p>
   </div>
   <div class='ocr_carea' id='block_1_2' title="bbox 257 390 2379 3646">
    <p class='ocr_par' dir='ltr' id='par_1_2' title="bbox 257 390 2379 3646">
     <span class='ocr_line' id='line_1_2' title="bbox 365 390 2379 478; baseline 0.002 -23"><span class='ocrx_word' id='word_1_11' title='bbox 365 391 812 474; x_wconf 89' lang='lat' dir='ltr'><strong>munitumque</strong></span> <span class='ocrx_word' id='word_1_12' title='bbox 840 390 983 475; x_wconf 91' lang='lat' dir='ltr'><strong>iter,</strong></span> <span class='ocrx_word' id='word_1_13' title='bbox 1006 413 1133 475; x_wconf 88' lang='lat' dir='ltr'><strong>quo</strong></span> <span class='ocrx_word' id='word_1_14' title='bbox 1161 390 1458 456; x_wconf 83' lang='lat' dir='ltr'><strong>faciliora</strong></span> <span class='ocrx_word' id='word_1_15' title='bbox 1483 392 1777 475; x_wconf 86' lang='lat' dir='ltr'><strong>plaustra</strong></span> <span class='ocrx_word' id='word_1_16' title='bbox 1803 392 2145 478; x_wconf 80' lang='lat' dir='ltr'><strong>minorque</strong></span> <span class='ocrx_word' id='word_1_17' title='bbox 2174 395 2379 461; x_wconf 86' lang='lat' dir='ltr'><strong>moles</strong></span> 
     </span>
     <span class='ocr_line' id='line_1_3' title="bbox 263 479 2379 568; baseline 0.005 -30"><span class='ocrx_word' id='word_1_18' title='bbox 263 490 327 538; x_wconf 84' lang='lat'><strong>19</strong></span> <span class='ocrx_word' id='word_1_19' title='bbox 365 479 434 544; x_wconf 91' lang='lat' dir='ltr'><strong>in</strong></span> <span class='ocrx_word' id='word_1_20' title='bbox 476 479 760 544; x_wconf 89' lang='lat' dir='ltr'><strong>transitu</strong></span> <span class='ocrx_word' id='word_1_21' title='bbox 805 482 994 544; x_wconf 90' lang='lat' dir='ltr'><strong>esset.</strong></span> <span class='ocrx_word' id='word_1_22' title='bbox 1064 479 1356 545; x_wconf 89' lang='lat' dir='ltr'><strong>iumenta</strong></span> <span class='ocrx_word' id='word_1_23' title='bbox 1400 480 1549 543; x_wconf 89' lang='lat' dir='ltr'><strong>inde</strong></span> <span class='ocrx_word' id='word_1_24' title='bbox 1594 481 1661 543; x_wconf 90' lang='lat' dir='ltr'><strong>et</strong></span> <span class='ocrx_word' id='word_1_25' title='bbox 1701 479 1999 545; x_wconf 91' lang='lat' dir='ltr'><strong>homines</strong></span> <span class='ocrx_word' id='word_1_26' title='bbox 2047 485 2379 568; x_wconf 87' lang='lat' dir='ltr'><strong>contracti,</strong></span> 
     </span>
     <span class='ocr_line' id='line_1_4' title="bbox 366 567 2377 652; baseline 0.002 -20"><span class='ocrx_word' id='word_1_27' title='bbox 366 570 431 632; x_wconf 90' lang='lat' dir='ltr'><strong>et</strong></span> <span class='ocrx_word' id='word_1_28' title='bbox 475 589 636 651; x_wconf 89' lang='lat' dir='ltr'><strong>opus</strong></span> <span class='ocrx_word' id='word_1_29' title='bbox 682 567 934 652; x_wconf 85' lang='lat' dir='ltr'><strong>inpigre</strong></span> <span class='ocrx_word' id='word_1_30' title='bbox 981 571 1309 652; x_wconf 89' lang='lat' dir='ltr'><strong>coeptum;</strong></span> <span class='ocrx_word' id='word_1_31' title='bbox 1353 588 1722 651; x_wconf 91' lang='lat' dir='ltr'><strong>paucosque</strong></span> <span class='ocrx_word' id='word_1_32' title='bbox 1765 573 1920 652; x_wconf 90' lang='lat' dir='ltr'><strong>post</strong></span> <span class='ocrx_word' id='word_1_33' title='bbox 1965 569 2102 634; x_wconf 86' lang='lat' dir='ltr'><strong>dies</strong></span> <span class='ocrx_word' id='word_1_34' title='bbox 2151 573 2377 637; x_wconf 91' lang='lat' dir='ltr'><strong>classis</strong></span> 
     </span>
     <span class='ocr_line' id='line_1_5' title="bbox 364 655 2377 739; baseline 0.003 -21"><span class='ocrx_word' id='word_1_35' title='bbox 364 656 682 722; x_wconf 87' lang='lat' dir='ltr'><strong>instructa</strong></span> <span class='ocrx_word' id='word_1_36' title='bbox 738 677 813 720; x_wconf 93' lang='lat' dir='ltr'><strong>ac</strong></span> <span class='ocrx_word' id='word_1_37' title='bbox 862 659 1096 739; x_wconf 87' lang='lat' dir='ltr'><strong>parata</strong></span> <span class='ocrx_word' id='word_1_38' title='bbox 1150 655 1649 721; x_wconf 88' lang='lat' dir='ltr'><strong>circumvehitur</strong></span> <span class='ocrx_word' id='word_1_39' title='bbox 1704 677 1918 721; x_wconf 88' lang='lat' dir='ltr'><strong>arcem</strong></span> <span class='ocrx_word' id='word_1_40' title='bbox 1982 662 2047 722; x_wconf 92' lang='lat' dir='ltr'><strong>et</strong></span> <span class='ocrx_word' id='word_1_41' title='bbox 2101 662 2248 724; x_wconf 87' lang='lat' dir='ltr'><strong>ante</strong></span> <span class='ocrx_word' id='word_1_42' title='bbox 2305 681 2377 725; x_wconf 89' lang='lat' dir='ltr'><strong>os</strong></span> 
     </span>
     <span class='ocr_line' id='line_1_6' title="bbox 257 743 2377 827; baseline 0.004 -23"><span class='ocrx_word' id='word_1_43' title='bbox 257 751 328 801; x_wconf 81' lang='lat'><strong>20</strong></span> <span class='ocrx_word' id='word_1_44' title='bbox 363 744 572 827; x_wconf 86' lang='lat' dir='ltr'><strong>ipsum</strong></span> <span class='ocrx_word' id='word_1_45' title='bbox 617 747 844 826; x_wconf 86' lang='lat' dir='ltr'><strong>portus</strong></span> <span class='ocrx_word' id='word_1_46' title='bbox 891 764 1155 808; x_wconf 82' lang='lat' dir='ltr'><strong>ancoras</strong></span> <span class='ocrx_word' id='word_1_47' title='bbox 1201 743 1374 808; x_wconf 89' lang='lat' dir='ltr'><strong>iacit.</strong></span> <span class='ocrx_word' id='word_1_48' title='bbox 1458 743 1632 808; x_wconf 92' lang='lat' dir='ltr'><strong>hunc</strong></span> <span class='ocrx_word' id='word_1_49' title='bbox 1669 748 1913 809; x_wconf 87' lang='lat' dir='ltr'><strong>statum</strong></span> <span class='ocrx_word' id='word_1_50' title='bbox 1949 767 2163 811; x_wconf 89' lang='lat' dir='ltr'><strong>rerum</strong></span> <span class='ocrx_word' id='word_1_51' title='bbox 2200 746 2377 812; x_wconf 89' lang='lat' dir='ltr'><strong>Han-</strong></span> 
     </span>
     <span class='ocr_line' id='line_1_7' title="bbox 360 831 2375 916; baseline 0.003 -22"><span class='ocrx_word' id='word_1_52' title='bbox 360 832 543 896; x_wconf 91' lang='lat' dir='ltr'><strong>nibal</strong></span> <span class='ocrx_word' id='word_1_53' title='bbox 572 831 839 894; x_wconf 90' lang='lat' dir='ltr'><strong>Tarenti</strong></span> <span class='ocrx_word' id='word_1_54' title='bbox 867 831 1178 915; x_wconf 79' lang='lat' dir='ltr'><strong>relinquit</strong></span> <span class='ocrx_word' id='word_1_55' title='bbox 1203 852 1538 916; x_wconf 79' lang='lat' dir='ltr'><strong>regressus</strong></span> <span class='ocrx_word' id='word_1_56' title='bbox 1575 833 1716 915; x_wconf 90' lang='lat' dir='ltr'><strong>ipse</strong></span> <span class='ocrx_word' id='word_1_57' title='bbox 1753 833 1823 896; x_wconf 92' lang='lat' dir='ltr'><strong>in</strong></span> <span class='ocrx_word' id='word_1_58' title='bbox 1850 833 2136 899; x_wconf 80' lang='lat' dir='ltr'><strong>hiberna.</strong></span> <span class='ocrx_word' id='word_1_59' title='bbox 2209 838 2375 900; x_wconf 89' lang='lat' dir='ltr'><strong>cete-</strong></span> 
     </span>
     <span class='ocr_line' id='line_1_8' title="bbox 360 918 2375 1004; baseline 0.003 -22"><span class='ocrx_word' id='word_1_60' title='bbox 360 940 504 982; x_wconf 88' lang='lat' dir='ltr'><strong>rum</strong></span> <span class='ocrx_word' id='word_1_61' title='bbox 550 918 823 982; x_wconf 88' lang='lat' dir='ltr'><strong>defectio</strong></span> <span class='ocrx_word' id='word_1_62' title='bbox 861 918 1359 983; x_wconf 88' lang='lat' dir='ltr'><strong>Tarentinorum</strong></span> <span class='ocrx_word' id='word_1_63' title='bbox 1405 923 1622 984; x_wconf 84' lang='lat' dir='ltr'><strong>utrum</strong></span> <span class='ocrx_word' id='word_1_64' title='bbox 1666 921 1881 1004; x_wconf 90' lang='lat' dir='ltr'><strong>priore</strong></span> <span class='ocrx_word' id='word_1_65' title='bbox 1924 943 2092 987; x_wconf 91' lang='lat' dir='ltr'><strong>anno</strong></span> <span class='ocrx_word' id='word_1_66' title='bbox 2131 945 2215 987; x_wconf 89' lang='lat' dir='ltr'><strong>an</strong></span> <span class='ocrx_word' id='word_1_67' title='bbox 2248 923 2375 990; x_wconf 92' lang='lat' dir='ltr'><strong>hoc</strong></span> 
     </span>
     <span class='ocr_line' id='line_1_9' title="bbox 360 1005 2376 1095; baseline 0.004 -26"><span class='ocrx_word' id='word_1_68' title='bbox 360 1005 533 1070; x_wconf 85' lang='lat' dir='ltr'><strong>facta</strong></span> <span class='ocrx_word' id='word_1_69' title='bbox 579 1006 693 1090; x_wconf 85' lang='lat' dir='ltr'><strong>sit,</strong></span> <span class='ocrx_word' id='word_1_70' title='bbox 746 1006 815 1070; x_wconf 91' lang='lat' dir='ltr'><strong>in</strong></span> <span class='ocrx_word' id='word_1_71' title='bbox 862 1005 1188 1071; x_wconf 88' lang='lat' dir='ltr'><strong>diversum</strong></span> <span class='ocrx_word' id='word_1_72' title='bbox 1248 1010 1542 1073; x_wconf 75' lang='lat' dir='ltr'><strong>auctores</strong></span> <span class='ocrx_word' id='word_1_73' title='bbox 1589 1008 1876 1074; x_wconf 86' lang='lat' dir='ltr'><strong>trahunt.</strong></span> <span class='ocrx_word' id='word_1_74' title='bbox 1964 1011 2184 1092; x_wconf 90' lang='lat' dir='ltr'><strong>plures</strong></span> <span class='ocrx_word' id='word_1_75' title='bbox 2229 1034 2376 1095; x_wconf 90' lang='lat' dir='ltr'><strong>pro·</strong></span> 
     </span>
     <span class='ocr_line' id='line_1_10' title="bbox 358 1094 2376 1179; baseline 0.004 -22"><span class='ocrx_word' id='word_1_76' title='bbox 358 1094 700 1179; x_wconf 87' lang='lat' dir='ltr'><strong>pioresque</strong></span> <span class='ocrx_word' id='word_1_77' title='bbox 760 1097 971 1159; x_wconf 89' lang='lat' dir='ltr'><strong>aetate</strong></span> <span class='ocrx_word' id='word_1_78' title='bbox 1032 1095 1376 1160; x_wconf 87' lang='lat' dir='ltr'><strong>memoriae</strong></span> <span class='ocrx_word' id='word_1_79' title='bbox 1441 1116 1655 1160; x_wconf 90' lang='lat' dir='ltr'><strong>rerum</strong></span> <span class='ocrx_word' id='word_1_80' title='bbox 1720 1095 1845 1160; x_wconf 92' lang='lat' dir='ltr'><strong>hoc</strong></span> <span class='ocrx_word' id='word_1_81' title='bbox 1905 1118 2076 1162; x_wconf 84' lang='lat' dir='ltr'><strong>anno</strong></span> <span class='ocrx_word' id='word_1_82' title='bbox 2137 1099 2376 1165; x_wconf 88' lang='lat' dir='ltr'><strong>factam</strong></span> 
     </span>
     <span class='ocr_line' id='line_1_11' title="bbox 358 1180 755 1257; baseline 0.01 -14"><span class='ocrx_word' id='word_1_83' title='bbox 358 1180 755 1257; x_wconf 61' lang='lat' dir='ltr'><strong>tradunts‘</strong></span> 
     </span>
     <span class='ocr_line' id='line_1_12' title="bbox 292 1258 2374 1356; baseline 0.003 -22"><span class='ocrx_word' id='word_1_84' title='bbox 292 1280 320 1327; x_wconf 95' lang='lat'><strong>1</strong></span> <span class='ocrx_word' id='word_1_85' title='bbox 464 1258 680 1336; x_wconf 51' lang='lat' dir='ltr'><strong>ffX‘II.</strong></span> <span class='ocrx_word' id='word_1_86' title='bbox 725 1270 969 1336; x_wconf 87' lang='lat' dir='ltr'><strong>Romae</strong></span> <span class='ocrx_word' id='word_1_87' title='bbox 1016 1273 1311 1336; x_wconf 90' lang='lat' dir='ltr'><strong>consules</strong></span> <span class='ocrx_word' id='word_1_88' title='bbox 1357 1274 1812 1355; x_wconf 76' lang='lat' dir='ltr'><strong>praetoresque</strong></span> <span class='ocrx_word' id='word_1_89' title='bbox 1850 1292 2051 1356; x_wconf 86' lang='lat' dir='ltr'><strong>usque</strong></span> <span class='ocrx_word' id='word_1_90' title='bbox 2090 1274 2179 1339; x_wconf 81' lang='lat' dir='ltr'><strong>ad</strong></span> <span class='ocrx_word' id='word_1_91' title='bbox 2221 1277 2374 1340; x_wconf 89' lang='lat' dir='ltr'><strong>ante</strong></span> 
     </span>
     <span class='ocr_line' id='line_1_13' title="bbox 290 1358 2374 1444; baseline 0.004 -26"><span class='ocrx_word' id='word_1_92' title='bbox 290 1368 323 1417; x_wconf 80' lang='grc'>2</span> <span class='ocrx_word' id='word_1_93' title='bbox 360 1358 529 1423; x_wconf 90' lang='lat' dir='ltr'><strong>diem</strong></span> <span class='ocrx_word' id='word_1_94' title='bbox 585 1359 879 1444; x_wconf 88' lang='lat' dir='ltr'><strong>quintum</strong></span> <span class='ocrx_word' id='word_1_95' title='bbox 933 1360 1063 1426; x_wconf 90' lang='lat' dir='ltr'><strong>kal.</strong></span> <span class='ocrx_word' id='word_1_96' title='bbox 1106 1359 1316 1424; x_wconf 87' lang='lat' dir='ltr'><strong>Maias</strong></span> <span class='ocrx_word' id='word_1_97' title='bbox 1362 1359 1635 1424; x_wconf 90' lang='lat' dir='ltr'><strong>Latinae</strong></span> <span class='ocrx_word' id='word_1_98' title='bbox 1690 1364 2054 1426; x_wconf 87' lang='lat' dir='ltr'><strong>tenuerunt.</strong></span> <span class='ocrx_word' id='word_1_99' title='bbox 2145 1383 2221 1426; x_wconf 89' lang='lat' dir='ltr'><strong>eo</strong></span> <span class='ocrx_word' id='word_1_100' title='bbox 2270 1363 2374 1427; x_wconf 93' lang='lat' dir='ltr'><strong>die</strong></span> 
     </span>
     <span class='ocr_line' id='line_1_14' title="bbox 356 1448 2372 1533; baseline 0.002 -21"><span class='ocrx_word' id='word_1_101' title='bbox 356 1451 732 1530; x_wconf 85' lang='lat' dir='ltr'><strong>perpetrato</strong></span> <span class='ocrx_word' id='word_1_102' title='bbox 779 1469 960 1513; x_wconf 89' lang='lat' dir='ltr'><strong>sacro</strong></span> <span class='ocrx_word' id='word_1_103' title='bbox 1007 1448 1078 1513; x_wconf 93' lang='lat' dir='ltr'><strong>in</strong></span> <span class='ocrx_word' id='word_1_104' title='bbox 1122 1453 1340 1513; x_wconf 92' lang='lat' dir='ltr'><strong>monte</strong></span> <span class='ocrx_word' id='word_1_105' title='bbox 1386 1449 1454 1513; x_wconf 90' lang='lat' dir='ltr'><strong>in</strong></span> <span class='ocrx_word' id='word_1_106' title='bbox 1502 1470 1649 1514; x_wconf 90' lang='lat' dir='ltr'><strong>suas</strong></span> <span class='ocrx_word' id='word_1_107' title='bbox 1698 1450 1968 1533; x_wconf 90' lang='lat' dir='ltr'><strong>quisque</strong></span> <span class='ocrx_word' id='word_1_108' title='bbox 2004 1449 2372 1533; x_wconf 82' lang='lat' dir='ltr'><strong>provincias</strong></span> 
     </span>
     <span class='ocr_line' id='line_1_15' title="bbox 357 1537 2373 1621; baseline 0.002 -22"><span class='ocrx_word' id='word_1_109' title='bbox 357 1537 867 1618; x_wconf 89' lang='lat' dir='ltr'><strong>proficiscuntur.</strong></span> <span class='ocrx_word' id='word_1_110' title='bbox 937 1537 1166 1621; x_wconf 89' lang='lat' dir='ltr'><strong>religio</strong></span> <span class='ocrx_word' id='word_1_111' title='bbox 1213 1537 1440 1601; x_wconf 91' lang='lat' dir='ltr'><strong>deinde</strong></span> <span class='ocrx_word' id='word_1_112' title='bbox 1476 1559 1647 1603; x_wconf 84' lang='lat' dir='ltr'><strong>nova</strong></span> <span class='ocrx_word' id='word_1_113' title='bbox 1696 1537 1951 1603; x_wconf 87' lang='lat' dir='ltr'><strong>obiecta</strong></span> <span class='ocrx_word' id='word_1_114' title='bbox 1987 1542 2086 1602; x_wconf 88' lang='lat' dir='ltr'><strong>est</strong></span> <span class='ocrx_word' id='word_1_115' title='bbox 2123 1560 2201 1603; x_wconf 84' lang='lat' dir='ltr'><strong>ex</strong></span> <span class='ocrx_word' id='word_1_116' title='bbox 2237 1561 2373 1604; x_wconf 87' lang='lat' dir='ltr'><strong>car-</strong></span> 
     </span>
     <span class='ocr_line' id='line_1_16' title="bbox 288 1624 2374 1705; baseline 0.005 -23"><span class='ocrx_word' id='word_1_117' title='bbox 288 1633 321 1682; x_wconf 83' lang='lat'><strong>3</strong></span> <span class='ocrx_word' id='word_1_118' title='bbox 357 1625 640 1690; x_wconf 88' lang='lat' dir='ltr'><strong>minibus</strong></span> <span class='ocrx_word' id='word_1_119' title='bbox 685 1624 1052 1690; x_wconf 77' lang='lat' dir='ltr'><strong>Marcianis,</strong></span> <span class='ocrx_word' id='word_1_120' title='bbox 1115 1629 1297 1690; x_wconf 86' lang='lat' dir='ltr'><strong>vates</strong></span> <span class='ocrx_word' id='word_1_121' title='bbox 1344 1624 1451 1690; x_wconf 88' lang='lat' dir='ltr'><strong>hic</strong></span> <span class='ocrx_word' id='word_1_122' title='bbox 1486 1625 1767 1690; x_wconf 90' lang='lat' dir='ltr'><strong>Marcius</strong></span> <span class='ocrx_word' id='word_1_123' title='bbox 1802 1627 2097 1690; x_wconf 89' lang='lat' dir='ltr'><strong>inlustris</strong></span> <span class='ocrx_word' id='word_1_124' title='bbox 2141 1627 2374 1705; x_wconf 86' lang='lat' dir='ltr'><strong>fuerat,</strong></span> 
     </span>
     <span class='ocr_line' id='line_1_17' title="bbox 360 1711 2370 1795; baseline 0.002 -21"><span class='ocrx_word' id='word_1_125' title='bbox 360 1716 426 1775; x_wconf 87' lang='lat' dir='ltr'><strong>et</strong></span> <span class='ocrx_word' id='word_1_126' title='bbox 478 1733 623 1776; x_wconf 91' lang='lat' dir='ltr'><strong>cum</strong></span> <span class='ocrx_word' id='word_1_127' title='bbox 678 1711 1063 1795; x_wconf 79' lang='lat' dir='ltr'><strong>conquisitio</strong></span> <span class='ocrx_word' id='word_1_128' title='bbox 1122 1711 1336 1793; x_wconf 90' lang='lat' dir='ltr'><strong>priore</strong></span> <span class='ocrx_word' id='word_1_129' title='bbox 1392 1733 1562 1775; x_wconf 88' lang='lat' dir='ltr'><strong>anno</strong></span> <span class='ocrx_word' id='word_1_130' title='bbox 1629 1733 1706 1775; x_wconf 86' lang='lat' dir='ltr'><strong>ex</strong></span> <span class='ocrx_word' id='word_1_131' title='bbox 1762 1716 2022 1776; x_wconf 88' lang='lat' dir='ltr'><strong>senatus</strong></span> <span class='ocrx_word' id='word_1_132' title='bbox 2079 1715 2370 1778; x_wconf 86' lang='lat' dir='ltr'><strong>consulto</strong></span> 
     </span>
     <span class='ocr_line' id='line_1_18' title="bbox 356 1798 2371 1885; baseline 0.002 -25"><span class='ocrx_word' id='word_1_133' title='bbox 356 1798 588 1861; x_wconf 85' lang='lat' dir='ltr'><strong>talium</strong></span> <span class='ocrx_word' id='word_1_134' title='bbox 634 1798 950 1862; x_wconf 89' lang='lat' dir='ltr'><strong>librorum</strong></span> <span class='ocrx_word' id='word_1_135' title='bbox 994 1798 1202 1881; x_wconf 90' lang='lat' dir='ltr'><strong>fieret,</strong></span> <span class='ocrx_word' id='word_1_136' title='bbox 1247 1799 1316 1862; x_wconf 91' lang='lat' dir='ltr'><strong>in</strong></span> <span class='ocrx_word' id='word_1_137' title='bbox 1354 1799 1442 1862; x_wconf 89' lang='lat' dir='ltr'><strong>M.</strong></span> <span class='ocrx_word' id='word_1_138' title='bbox 1477 1799 1718 1862; x_wconf 89' lang='lat' dir='ltr'><strong>Aemili</strong></span> <span class='ocrx_word' id='word_1_139' title='bbox 1763 1798 2082 1882; x_wconf 87' lang='lat' dir='ltr'><strong>praetoris</strong></span> <span class='ocrx_word' id='word_1_140' title='bbox 2121 1801 2371 1885; x_wconf 88' lang='lat' dir='ltr'><strong>urbani,</strong></span> 
     </span>
     <span class='ocr_line' id='line_1_19' title="bbox 286 1885 2370 1972; baseline 0.005 -28"><span class='ocrx_word' id='word_1_141' title='bbox 286 1897 321 1944; x_wconf 84' lang='lat'>4</span> <span class='ocrx_word' id='word_1_142' title='bbox 358 1885 468 1969; x_wconf 89' lang='lat' dir='ltr'><strong>qui</strong></span> <span class='ocrx_word' id='word_1_143' title='bbox 495 1905 640 1949; x_wconf 90' lang='lat' dir='ltr'><strong>eam</strong></span> <span class='ocrx_word' id='word_1_144' title='bbox 666 1906 801 1949; x_wconf 89' lang='lat' dir='ltr'><strong>rem</strong></span> <span class='ocrx_word' id='word_1_145' title='bbox 834 1885 1095 1972; x_wconf 85' lang='lat' dir='ltr'><strong>agebat,</strong></span> <span class='ocrx_word' id='word_1_146' title='bbox 1132 1907 1361 1949; x_wconf 90' lang='lat' dir='ltr'><strong>manus</strong></span> <span class='ocrx_word' id='word_1_147' title='bbox 1389 1890 1717 1952; x_wconf 85' lang='lat' dir='ltr'><strong>venerant.</strong></span> <span class='ocrx_word' id='word_1_148' title='bbox 1787 1886 1845 1951; x_wconf 91' lang='lat' dir='ltr'><strong>is</strong></span> <span class='ocrx_word' id='word_1_149' title='bbox 1881 1886 2175 1970; x_wconf 87' lang='lat' dir='ltr'><strong>protinus</strong></span> <span class='ocrx_word' id='word_1_150' title='bbox 2201 1909 2370 1955; x_wconf 87' lang='lat' dir='ltr'><strong>novo</strong></span> 
     </span>
     <span class='ocr_line' id='line_1_20' title="bbox 356 1972 2369 2057; baseline 0.003 -20"><span class='ocrx_word' id='word_1_151' title='bbox 356 1974 643 2057; x_wconf 88' lang='lat' dir='ltr'><strong>praetori</strong></span> <span class='ocrx_word' id='word_1_152' title='bbox 698 1972 918 2040; x_wconf 82' lang='lat' dir='ltr'><strong>Sullae</strong></span> <span class='ocrx_word' id='word_1_153' title='bbox 972 1974 1345 2040; x_wconf 85' lang='lat' dir='ltr'><strong>tradiderat.</strong></span> <span class='ocrx_word' id='word_1_154' title='bbox 1444 1996 1522 2039; x_wconf 85' lang='lat' dir='ltr'><strong>ex</strong></span> <span class='ocrx_word' id='word_1_155' title='bbox 1585 1975 1776 2039; x_wconf 89' lang='lat' dir='ltr'><strong>huius</strong></span> <span class='ocrx_word' id='word_1_156' title='bbox 1831 1975 2060 2041; x_wconf 88' lang='lat' dir='ltr'><strong>Marcii</strong></span> <span class='ocrx_word' id='word_1_157' title='bbox 2119 1976 2369 2043; x_wconf 90' lang='lat' dir='ltr'><strong>duobus</strong></span> 
     </span>
     <span class='ocr_line' id='line_1_21' title="bbox 358 2063 2371 2149; baseline 0.002 -22"><span class='ocrx_word' id='word_1_158' title='bbox 358 2063 751 2129; x_wconf 88' lang='lat' dir='ltr'><strong>carminibus</strong></span> <span class='ocrx_word' id='word_1_159' title='bbox 799 2064 1065 2128; x_wconf 89' lang='lat' dir='ltr'><strong>alterius</strong></span> <span class='ocrx_word' id='word_1_160' title='bbox 1108 2066 1260 2147; x_wconf 88' lang='lat' dir='ltr'><strong>post</strong></span> <span class='ocrx_word' id='word_1_161' title='bbox 1294 2083 1433 2127; x_wconf 90' lang='lat' dir='ltr'><strong>rem</strong></span> <span class='ocrx_word' id='word_1_162' title='bbox 1469 2063 1709 2128; x_wconf 87' lang='lat' dir='ltr'><strong>factam</strong></span> <span class='ocrx_word' id='word_1_163' title='bbox 1756 2063 1913 2128; x_wconf 89' lang='lat' dir='ltr'><strong>editi</strong></span> <span class='ocrx_word' id='word_1_164' title='bbox 1952 2066 2371 2149; x_wconf 81' lang='lat' dir='ltr'><strong>comprobata</strong></span> 
     </span>
     <span class='ocr_line' id='line_1_22' title="bbox 358 2152 2370 2238; baseline 0.001 -23"><span class='ocrx_word' id='word_1_165' title='bbox 358 2152 709 2218; x_wconf 75' lang='lat' dir='ltr'><strong>auctoritas</strong></span> <span class='ocrx_word' id='word_1_166' title='bbox 756 2155 987 2217; x_wconf 83' lang='lat' dir='ltr'><strong>eventu</strong></span> <span class='ocrx_word' id='word_1_167' title='bbox 1024 2152 1211 2217; x_wconf 91' lang='lat' dir='ltr'><strong>alteri</strong></span> <span class='ocrx_word' id='word_1_168' title='bbox 1246 2173 1527 2236; x_wconf 85' lang='lat' dir='ltr'><strong>quoque,</strong></span> <span class='ocrx_word' id='word_1_169' title='bbox 1574 2152 1753 2217; x_wconf 85' lang='lat' dir='ltr'><strong>cuius</strong></span> <span class='ocrx_word' id='word_1_170' title='bbox 1789 2152 2076 2217; x_wconf 90' lang='lat' dir='ltr'><strong>nondum</strong></span> <span class='ocrx_word' id='word_1_171' title='bbox 2113 2157 2370 2238; x_wconf 88' lang='lat' dir='ltr'><strong>tempus</strong></span> 
     </span>
     <span class='ocr_line' id='line_1_23' title="bbox 286 2238 2370 2323; baseline 0.003 -24"><span class='ocrx_word' id='word_1_172' title='bbox 286 2250 317 2299; x_wconf 83' lang='lat'><strong>5</strong></span> <span class='ocrx_word' id='word_1_173' title='bbox 357 2244 646 2322; x_wconf 85' lang='lat' dir='ltr'><strong>venerat,</strong></span> <span class='ocrx_word' id='word_1_174' title='bbox 702 2240 1036 2304; x_wconf 86' lang='lat' dir='ltr'><strong>adferebat</strong></span> <span class='ocrx_word' id='word_1_175' title='bbox 1092 2240 1300 2305; x_wconf 86' lang='lat' dir='ltr'><strong>fidem.</strong></span> <span class='ocrx_word' id='word_1_176' title='bbox 1399 2241 1614 2323; x_wconf 90' lang='lat' dir='ltr'><strong>priore</strong></span> <span class='ocrx_word' id='word_1_177' title='bbox 1674 2240 1956 2304; x_wconf 88' lang='lat' dir='ltr'><strong>carmine</strong></span> <span class='ocrx_word' id='word_1_178' title='bbox 2012 2238 2370 2306; x_wconf 83' lang='lat' dir='ltr'><strong>Cannensis</strong></span> 
     </span>
     <span class='ocr_line' id='line_1_24' title="bbox 354 2326 2368 2411; baseline 0 -22"><span class='ocrx_word' id='word_1_179' title='bbox 354 2326 687 2409; x_wconf 86' lang='lat' dir='ltr'><strong>praedicta</strong></span> <span class='ocrx_word' id='word_1_180' title='bbox 749 2326 959 2390; x_wconf 88' lang='lat' dir='ltr'><strong>clades</strong></span> <span class='ocrx_word' id='word_1_181' title='bbox 1024 2326 1094 2389; x_wconf 94' lang='lat' dir='ltr'><strong>in</strong></span> <span class='ocrx_word' id='word_1_182' title='bbox 1146 2327 1306 2391; x_wconf 91' lang='lat' dir='ltr'><strong>haec</strong></span> <span class='ocrx_word' id='word_1_183' title='bbox 1361 2327 1493 2391; x_wconf 88' lang='lat' dir='ltr'><strong>fere</strong></span> <span class='ocrx_word' id='word_1_184' title='bbox 1546 2328 1743 2391; x_wconf 85' lang='lat' dir='ltr'><strong>verba</strong></span> <span class='ocrx_word' id='word_1_185' title='bbox 1805 2329 1969 2391; x_wconf 87' lang='lat' dir='ltr'><strong>erat:</strong></span> <span class='ocrx_word' id='word_1_186' title='bbox 2037 2326 2368 2411; x_wconf 76' lang='lat' dir='ltr'><strong>“amnem,</strong></span> 
     </span>
     <span class='ocr_line' id='line_1_25' title="bbox 357 2410 2370 2499; baseline 0.002 -24"><span class='ocrx_word' id='word_1_187' title='bbox 357 2413 750 2498; x_wconf 83' lang='lat' dir='ltr'><strong>Troiugena,</strong></span> <span class='ocrx_word' id='word_1_188' title='bbox 797 2413 950 2496; x_wconf 87' lang='lat' dir='ltr'><strong>fuge</strong></span> <span class='ocrx_word' id='word_1_189' title='bbox 989 2410 1304 2498; x_wconf 83' lang='lat' dir='ltr'><strong>Cannam,</strong></span> <span class='ocrx_word' id='word_1_190' title='bbox 1350 2437 1431 2480; x_wconf 90' lang='lat' dir='ltr'><strong>ne</strong></span> <span class='ocrx_word' id='word_1_191' title='bbox 1478 2418 1545 2479; x_wconf 92' lang='lat' dir='ltr'><strong>te</strong></span> <span class='ocrx_word' id='word_1_192' title='bbox 1592 2414 1990 2498; x_wconf 84' lang='lat' dir='ltr'><strong>alienigenae</strong></span> <span class='ocrx_word' id='word_1_193' title='bbox 2027 2418 2264 2499; x_wconf 87' lang='lat' dir='ltr'><strong>cogant</strong></span> <span class='ocrx_word' id='word_1_194' title='bbox 2300 2415 2370 2479; x_wconf 94' lang='lat' dir='ltr'><strong>in</strong></span> 
     </span>
     <span class='ocr_line' id='line_1_26' title="bbox 286 2500 2368 2588; baseline 0.002 -24"><span class='ocrx_word' id='word_1_195' title='bbox 286 2514 318 2563; x_wconf 83' lang='grc'><strong>6</strong></span> <span class='ocrx_word' id='word_1_196' title='bbox 357 2522 583 2584; x_wconf 89' lang='lat' dir='ltr'><strong>campo</strong></span> <span class='ocrx_word' id='word_1_197' title='bbox 630 2500 963 2565; x_wconf 88' lang='lat' dir='ltr'><strong>Diomedis</strong></span> <span class='ocrx_word' id='word_1_198' title='bbox 1011 2523 1342 2568; x_wconf 87' lang='lat' dir='ltr'><strong>conserere</strong></span> <span class='ocrx_word' id='word_1_199' title='bbox 1388 2525 1637 2569; x_wconf 78' lang='lat' dir='ltr'><strong>manus,</strong></span> <span class='ocrx_word' id='word_1_200' title='bbox 1726 2502 1840 2567; x_wconf 86' lang='lat' dir='ltr'><strong>sed</strong></span> <span class='ocrx_word' id='word_1_201' title='bbox 1892 2523 2099 2588; x_wconf 90' lang='lat' dir='ltr'><strong>neque</strong></span> <span class='ocrx_word' id='word_1_202' title='bbox 2146 2501 2368 2569; x_wconf 84' lang='lat' dir='ltr'><strong>credes</strong></span> 
     </span>
     <span class='ocr_line' id='line_1_27' title="bbox 354 2588 2370 2676; baseline 0.001 -22"><span class='ocrx_word' id='word_1_203' title='bbox 354 2592 429 2654; x_wconf 91' lang='lat' dir='ltr'><strong>tu</strong></span> <span class='ocrx_word' id='word_1_204' title='bbox 474 2588 661 2673; x_wconf 87' lang='lat' dir='ltr'><strong>mihi,</strong></span> <span class='ocrx_word' id='word_1_205' title='bbox 708 2589 909 2656; x_wconf 91' lang='lat' dir='ltr'><strong>donec</strong></span> <span class='ocrx_word' id='word_1_206' title='bbox 946 2591 1285 2674; x_wconf 89' lang='lat' dir='ltr'><strong>compleris</strong></span> <span class='ocrx_word' id='word_1_207' title='bbox 1322 2592 1639 2676; x_wconf 90' lang='lat' dir='ltr'><strong>sanguine</strong></span> <span class='ocrx_word' id='word_1_208' title='bbox 1676 2612 2000 2675; x_wconf 89' lang='lat' dir='ltr'><strong>campum,</strong></span> <span class='ocrx_word' id='word_1_209' title='bbox 2040 2591 2370 2675; x_wconf 86' lang='lat' dir='ltr'><strong>multaque</strong></span> 
     </span>
     <span class='ocr_line' id='line_1_28' title="bbox 355 2677 2369 2764; baseline 0.001 -23"><span class='ocrx_word' id='word_1_210' title='bbox 355 2677 539 2743; x_wconf 89' lang='lat' dir='ltr'><strong>milia</strong></span> <span class='ocrx_word' id='word_1_211' title='bbox 584 2678 797 2744; x_wconf 89' lang='lat' dir='ltr'><strong>occisa</strong></span> <span class='ocrx_word' id='word_1_212' title='bbox 840 2682 956 2743; x_wconf 84' lang='lat' dir='ltr'><strong>tua</strong></span> <span class='ocrx_word' id='word_1_213' title='bbox 999 2679 1243 2744; x_wconf 87' lang='lat' dir='ltr'><strong>deferet</strong></span> <span class='ocrx_word' id='word_1_214' title='bbox 1277 2681 1489 2745; x_wconf 88' lang='lat' dir='ltr'><strong>amnis</strong></span> <span class='ocrx_word' id='word_1_215' title='bbox 1529 2680 1599 2743; x_wconf 95' lang='lat' dir='ltr'><strong>in</strong></span> <span class='ocrx_word' id='word_1_216' title='bbox 1633 2683 1908 2763; x_wconf 88' lang='lat' dir='ltr'><strong>pontum</strong></span> <span class='ocrx_word' id='word_1_217' title='bbox 1944 2699 2253 2764; x_wconf 88' lang='lat' dir='ltr'><strong>magnum</strong></span> <span class='ocrx_word' id='word_1_218' title='bbox 2291 2701 2369 2743; x_wconf 84' lang='lat' dir='ltr'><strong>ex</strong></span> 
     </span>
     <span class='ocr_line' id='line_1_29' title="bbox 354 2767 2368 2853; baseline 0 -23"><span class='ocrx_word' id='word_1_219' title='bbox 354 2768 530 2831; x_wconf 90' lang='lat' dir='ltr'><strong>terra</strong></span> <span class='ocrx_word' id='word_1_220' title='bbox 574 2767 915 2851; x_wconf 84' lang='lat' dir='ltr'><strong>frugifera3</strong></span> <span class='ocrx_word' id='word_1_221' title='bbox 969 2768 1255 2851; x_wconf 88' lang='lat' dir='ltr'><strong>piscibus</strong></span> <span class='ocrx_word' id='word_1_222' title='bbox 1312 2772 1505 2853; x_wconf 91' lang='lat' dir='ltr'><strong>atque</strong></span> <span class='ocrx_word' id='word_1_223' title='bbox 1563 2769 1789 2833; x_wconf 84' lang='lat' dir='ltr'><strong>avibus</strong></span> <span class='ocrx_word' id='word_1_224' title='bbox 1844 2767 2151 2851; x_wconf 86' lang='lat' dir='ltr'><strong>ferisque,</strong></span> <span class='ocrx_word' id='word_1_225' title='bbox 2204 2787 2368 2850; x_wconf 89' lang='lat' dir='ltr'><strong>quae</strong></span> 
     </span>
     <span class='ocr_line' id='line_1_30' title="bbox 355 2853 2370 2940; baseline 0.001 -22"><span class='ocrx_word' id='word_1_226' title='bbox 355 2855 649 2919; x_wconf 90' lang='lat' dir='ltr'><strong>incolunt</strong></span> <span class='ocrx_word' id='word_1_227' title='bbox 692 2859 926 2940; x_wconf 78' lang='lat' dir='ltr'><strong>terraS,</strong></span> <span class='ocrx_word' id='word_1_228' title='bbox 970 2856 1026 2920; x_wconf 89' lang='lat' dir='ltr'><strong>is</strong></span> <span class='ocrx_word' id='word_1_229' title='bbox 1071 2856 1217 2921; x_wconf 87' lang='lat' dir='ltr'><strong>fuat</strong></span> <span class='ocrx_word' id='word_1_230' title='bbox 1262 2877 1409 2922; x_wconf 87' lang='lat' dir='ltr'><strong>esca</strong></span> <span class='ocrx_word' id='word_1_231' title='bbox 1455 2878 1601 2921; x_wconf 87' lang='lat' dir='ltr'><strong>caro</strong></span> <span class='ocrx_word' id='word_1_232' title='bbox 1647 2859 1777 2921; x_wconf 90' lang='lat' dir='ltr'><strong>tua.</strong></span> <span class='ocrx_word' id='word_1_233' title='bbox 1865 2875 2018 2918; x_wconf 84' lang='lat' dir='ltr'><strong>nam</strong></span> <span class='ocrx_word' id='word_1_234' title='bbox 2064 2853 2228 2917; x_wconf 91' lang='lat' dir='ltr'><strong>mihi</strong></span> <span class='ocrx_word' id='word_1_235' title='bbox 2272 2854 2370 2920; x_wconf 79' lang='lat' dir='ltr'><strong>ita</strong></span> 
     </span>
     <span class='ocr_line' id='line_1_31' title="bbox 285 2941 2372 3026; baseline 0.002 -23"><span class='ocrx_word' id='word_1_236' title='bbox 285 2952 318 3001; x_wconf 77' lang='lat'><strong>&#39;2</strong></span> <span class='ocrx_word' id='word_1_237' title='bbox 355 2942 645 3024; x_wconf 89' lang='lat' dir='ltr'><strong>Iuppiter</strong></span> <span class='ocrx_word' id='word_1_238' title='bbox 699 2942 872 3007; x_wconf 89' lang='lat' dir='ltr'><strong>fatus</strong></span> <span class='ocrx_word' id='word_1_239' title='bbox 933 2941 1098 3007; x_wconf 89' lang='lat' dir='ltr'><strong>est.’&#39;</strong></span> <span class='ocrx_word' id='word_1_240' title='bbox 1187 2946 1254 3008; x_wconf 89' lang='lat' dir='ltr'><strong>et</strong></span> <span class='ocrx_word' id='word_1_241' title='bbox 1308 2944 1641 3009; x_wconf 90' lang='lat' dir='ltr'><strong>Diomedis</strong></span> <span class='ocrx_word' id='word_1_242' title='bbox 1696 2942 1930 3026; x_wconf 77' lang='lat' dir='ltr'><strong>Argivi</strong></span> <span class='ocrx_word' id='word_1_243' title='bbox 1985 2962 2249 3026; x_wconf 91' lang='lat' dir='ltr'><strong>campos</strong></span> <span class='ocrx_word' id='word_1_244' title='bbox 2305 2946 2372 3007; x_wconf 86' lang='lat' dir='ltr'><strong>et</strong></span> 
     </span>
     <span class='ocr_line' id='line_1_32' title="bbox 357 3026 2370 3116; baseline 0.002 -24"><span class='ocrx_word' id='word_1_245' title='bbox 357 3026 648 3092; x_wconf 85' lang='lat' dir='ltr'><strong>Cannam</strong></span> <span class='ocrx_word' id='word_1_246' title='bbox 693 3030 933 3092; x_wconf 91' lang='lat' dir='ltr'><strong>flumen</strong></span> <span class='ocrx_word' id='word_1_247' title='bbox 976 3030 1050 3113; x_wconf 89' lang='lat' dir='ltr'><strong>ii,</strong></span> <span class='ocrx_word' id='word_1_248' title='bbox 1098 3031 1207 3114; x_wconf 92' lang='lat' dir='ltr'><strong>qui</strong></span> <span class='ocrx_word' id='word_1_249' title='bbox 1254 3031 1695 3096; x_wconf 86' lang='lat' dir='ltr'><strong>militaverant</strong></span> <span class='ocrx_word' id='word_1_250' title='bbox 1729 3033 1798 3095; x_wconf 90' lang='lat' dir='ltr'><strong>in</strong></span> <span class='ocrx_word' id='word_1_251' title='bbox 1835 3030 1917 3094; x_wconf 89' lang='lat' dir='ltr'><strong>iis</strong></span> <span class='ocrx_word' id='word_1_252' title='bbox 1955 3028 2143 3116; x_wconf 78' lang='lat' dir='ltr'><strong>lociS‚</strong></span> <span class='ocrx_word' id='word_1_253' title='bbox 2188 3031 2370 3096; x_wconf 83' lang='lat' dir='ltr'><strong>iuxta</strong></span> 
     </span>
     <span class='ocr_line' id='line_1_33' title="bbox 283 3116 2371 3203; baseline 0.003 -26"><span class='ocrx_word' id='word_1_254' title='bbox 283 3128 318 3177; x_wconf 88' lang='lat'>8</span> <span class='ocrx_word' id='word_1_255' title='bbox 357 3120 548 3201; x_wconf 88' lang='lat' dir='ltr'><strong>atque</strong></span> <span class='ocrx_word' id='word_1_256' title='bbox 576 3117 784 3199; x_wconf 90' lang='lat' dir='ltr'><strong>ipsam</strong></span> <span class='ocrx_word' id='word_1_257' title='bbox 815 3116 1060 3181; x_wconf 90' lang='lat' dir='ltr'><strong>cladem</strong></span> <span class='ocrx_word' id='word_1_258' title='bbox 1088 3119 1541 3203; x_wconf 88' lang='lat' dir='ltr'><strong>agnoscebant.</strong></span> <span class='ocrx_word' id='word_1_259' title='bbox 1614 3122 1755 3184; x_wconf 89' lang='lat' dir='ltr'><strong>tum</strong></span> <span class='ocrx_word' id='word_1_260' title='bbox 1793 3119 2073 3184; x_wconf 91' lang='lat' dir='ltr'><strong>alterum</strong></span> <span class='ocrx_word' id='word_1_261' title='bbox 2112 3140 2371 3184; x_wconf 87' lang='lat' dir='ltr'><strong>carmen</strong></span> 
     </span>
     <span class='ocr_line' id='line_1_34' title="bbox 353 3205 2370 3293; baseline 0.001 -25"><span class='ocrx_word' id='word_1_262' title='bbox 353 3205 724 3288; x_wconf 87' lang='lat' dir='ltr'><strong>recitatum,</strong></span> <span class='ocrx_word' id='word_1_263' title='bbox 778 3226 908 3270; x_wconf 93' lang='lat' dir='ltr'><strong>non</strong></span> <span class='ocrx_word' id='word_1_264' title='bbox 964 3226 1038 3269; x_wconf 88' lang='lat' dir='ltr'><strong>eo</strong></span> <span class='ocrx_word' id='word_1_265' title='bbox 1091 3210 1347 3270; x_wconf 87' lang='lat' dir='ltr'><strong>tantum</strong></span> <span class='ocrx_word' id='word_1_266' title='bbox 1402 3207 1734 3273; x_wconf 88' lang='lat' dir='ltr'><strong>obscurius</strong></span> <span class='ocrx_word' id='word_1_267' title='bbox 1744 3258 1763 3293; x_wconf 83' lang='lat'><em>,</em></span> <span class='ocrx_word' id='word_1_268' title='bbox 1820 3207 1972 3291; x_wconf 90' lang='lat' dir='ltr'><strong>quia</strong></span> <span class='ocrx_word' id='word_1_269' title='bbox 2024 3208 2370 3271; x_wconf 87' lang='lat' dir='ltr'><strong>incertiora</strong></span> 
     </span>
     <span class='ocr_line' id='line_1_35' title="bbox 353 3293 2370 3380; baseline 0 -24"><span class='ocrx_word' id='word_1_270' title='bbox 353 3294 575 3359; x_wconf 81' lang='lat' dir='ltr'><strong>futura</strong></span> <span class='ocrx_word' id='word_1_271' title='bbox 609 3293 976 3377; x_wconf 88' lang='lat' dir='ltr'><strong>praeteritis</strong></span> <span class='ocrx_word' id='word_1_272' title='bbox 1011 3297 1188 3380; x_wconf 82' lang='lat' dir='ltr'><strong>sunt,</strong></span> <span class='ocrx_word' id='word_1_273' title='bbox 1226 3296 1338 3359; x_wconf 88' lang='lat' dir='ltr'><strong>sed</strong></span> <span class='ocrx_word' id='word_1_274' title='bbox 1374 3296 1740 3379; x_wconf 89' lang='lat' dir='ltr'><strong>perplexius</strong></span> <span class='ocrx_word' id='word_1_275' title='bbox 1778 3296 1977 3359; x_wconf 89' lang='lat' dir='ltr'><strong>etiam</strong></span> <span class='ocrx_word' id='word_1_276' title='bbox 2018 3296 2370 3379; x_wconf 88' lang='lat' dir='ltr'><strong>scripturae</strong></span> 
     </span>
     <span class='ocr_line' id='line_1_36' title="bbox 285 3381 2372 3469; baseline 0 -24"><span class='ocrx_word' id='word_1_277' title='bbox 285 3390 318 3439; x_wconf 82' lang='grc'><strong>9</strong></span> <span class='ocrx_word' id='word_1_278' title='bbox 357 3401 607 3463; x_wconf 83' lang='lat' dir='ltr'><strong>genere.</strong></span> <span class='ocrx_word' id='word_1_279' title='bbox 692 3381 987 3467; x_wconf 78' lang='lat' dir='ltr'><strong>“hostis‚</strong></span> <span class='ocrx_word' id='word_1_280' title='bbox 1032 3382 1341 3469; x_wconf 84' lang='lat' dir='ltr'><strong>Romani,</strong></span> <span class='ocrx_word' id='word_1_281' title='bbox 1387 3384 1444 3448; x_wconf 91' lang='lat' dir='ltr'><strong>si</strong></span> <span class='ocrx_word' id='word_1_282' title='bbox 1490 3385 1805 3468; x_wconf 87' lang='lat' dir='ltr'><strong>expellere</strong></span> <span class='ocrx_word' id='word_1_283' title='bbox 1851 3385 2074 3466; x_wconf 76' lang='lat' dir='ltr'><strong>vultiS‚</strong></span> <span class='ocrx_word' id='word_1_284' title='bbox 2117 3381 2372 3446; x_wconf 86' lang='lat' dir='ltr'><strong>vomica</strong></span> 
     </span>
     <span class='ocr_line' id='line_1_37' title="bbox 355 3470 2372 3558; baseline 0.002 -27"><span class='ocrx_word' id='word_1_285' title='bbox 355 3490 520 3551; x_wconf 91' lang='lat' dir='ltr'><strong>quae</strong></span> <span class='ocrx_word' id='word_1_286' title='bbox 575 3471 866 3552; x_wconf 86' lang='lat' dir='ltr'><strong>gentium</strong></span> <span class='ocrx_word' id='word_1_287' title='bbox 919 3472 1098 3536; x_wconf 83' lang='lat' dir='ltr'><strong>venit</strong></span> <span class='ocrx_word' id='word_1_288' title='bbox 1151 3473 1372 3558; x_wconf 87' lang='lat' dir='ltr'><strong>longe,</strong></span> <span class='ocrx_word' id='word_1_289' title='bbox 1416 3471 1710 3556; x_wconf 89' lang='lat' dir='ltr'><strong>Apollini</strong></span> <span class='ocrx_word' id='word_1_290' title='bbox 1762 3470 2084 3537; x_wconf 83' lang='lat' dir='ltr'><strong>vovendos</strong></span> <span class='ocrx_word' id='word_1_291' title='bbox 2141 3489 2372 3535; x_wconf 90' lang='lat' dir='ltr'><strong>censeo</strong></span> 
     </span>
     <span class='ocr_line' id='line_1_38' title="bbox 353 3553 2374 3646; baseline 0.003 -29"><span class='ocrx_word' id='word_1_292' title='bbox 353 3553 560 3640; x_wconf 84' lang='lat' dir='ltr'><strong>ludos,</strong></span> <span class='ocrx_word' id='word_1_293' title='bbox 590 3557 699 3640; x_wconf 92' lang='lat' dir='ltr'><strong>qui</strong></span> <span class='ocrx_word' id='word_1_294' title='bbox 729 3561 1072 3642; x_wconf 87' lang='lat' dir='ltr'><strong>quotannis</strong></span> <span class='ocrx_word' id='word_1_295' title='bbox 1104 3563 1372 3627; x_wconf 88' lang='lat' dir='ltr'><strong>comiter</strong></span> <span class='ocrx_word' id='word_1_296' title='bbox 1392 3561 1684 3645; x_wconf 91' lang='lat' dir='ltr'><strong>Apollini</strong></span> <span class='ocrx_word' id='word_1_297' title='bbox 1711 3561 1890 3645; x_wconf 89' lang='lat' dir='ltr'><strong>fiant,</strong></span> <span class='ocrx_word' id='word_1_298' title='bbox 1918 3579 2064 3623; x_wconf 92' lang='lat' dir='ltr'><strong>cum</strong></span> <span class='ocrx_word' id='word_1_299' title='bbox 2091 3560 2374 3646; x_wconf 88' lang='lat' dir='ltr'><strong>populus</strong></span> 
     </span>
    </p>
   </div>
  </div>
 </body>
</html>
