2654 3913
647 208 862 262 LIBER
900 208 1096 264 XXIV.
1170 208 1320 264 CAP.
1358 215 1444 265 40.
1482 216 1566 267 41.
1643 211 1717 281 [a.
1756 213 1813 268 C.
1853 213 1980 284 214]
2228 214 2315 278 45

301 374 429 438 que
478 356 544 418 et
588 353 767 418 urbis
813 354 982 418 vires
1027 338 1422 437 inspiceret}
1463 354 1575 419 ubi
1613 375 1689 418 ea
1723 355 1865 419 visa
1898 356 2315 442 inspectaque

302 441 462 531 sffiis
492 441 857 524 animorum
883 441 1118 525 fecere,
1162 441 1480 526 simulque
1510 442 1589 507 ab
1621 443 2137 526 exploratoribus
2167 469 2314 511 con-

289 532 493 635 perit,
524 533 766 613 quanta
797 529 1090 595 socordia
1119 551 1194 594 ac
1220 530 1632 616 neglegentia
1668 531 1837 614 apud
1864 531 2085 598 hostes
2127 538 2315 616 esset,

300 618 746 709 siLQltiQQc
779 639 834 682 18
900 639 939 682 a
1045 618 1205 682 urbe
1271 619 1408 684 sine
1471 619 1606 683 ullo
1669 619 1954 685 tumultu
2018 642 2314 707 egressus
2355 634 2416 681 11

300 708 513 771 castra
557 705 844 771 hostium
893 705 1048 770 adeo
1086 706 1387 790 neglecta
1425 711 1620 792 atque
1660 711 1885 790 aperta
1918 707 2205 793 intravit,
2241 714 2315 775 ut
2383 783 2385 786 y

300 793 460 859 satis
508 797 835 859 constaret
886 794 1063 877 prius
1118 794 1296 857 mille
1341 773 1977 859 hominum'ffisl‘tsm
2023 796 2315 883 intrasse,

300 904 498 966 quam
558 882 898 966 quisquam
953 882 1246 966 sentiret,
1309 903 1412 965 ac,
1468 882 1524 946 si
1578 883 1770 949 caede
1836 883 2316 970 abstinuissent,

299 969 637 1055 pervenire
693 969 774 1034 ad
828 970 1317 1050 tabernam-ham
1382 971 1634 1055 regium
1690 971 2050 1057 potuisse(
2092 974 2313 1038 caedes
2353 987 2416 1034 12

300 1058 740 1142 proximorum
777 1061 1004 1140 portae
1042 1058 1350 1124 excitavit
1383 1058 1631 1142 hostes3
1666 1059 1814 1123 inde
1851 1063 2074 1125 tantus
2109 1064 2318 1153 terror

300 1167 626 1231 pavorque
685 1146 894 1211 omnis
950 1147 1312 1239 qffifffflsst»
1367 1150 1442 1211 ut
1495 1168 1623 1210 non
1678 1147 1868 1212 modo
1876 1138 2317 1233 „filius-gissa-

300 1256 496 1327 ΜΨ
545 1256 726 1299 arma
782 1238 1042 1318 caperet
1088 1233 1477 1300 aut'castris
1536 1235 1775 1317 pellere
1828 1235 2081 1301 hostem
2128 1259 2311 1302 cona-

299 1327 507 1406 retur,
555 1323 663 1387 sed
712 1323 908 1386 etiam
954 1323 1095 1406 ipse
1154 1344 1294 1407 rex,
1351 1323 1519 1387 sicut
1573 1345 1799 1388 somno
1857 1325 2114 1409 excjtgs
2160 1330 2314 1408 erat,
2354 1339 2417 1386 13

300 1431 502 1494 prope
562 1410 928 1498 Sssminudllss
979 1410 1267 1496 fugiens!
1295 1411 1490 1474 militi
1543 1402 2106 1495 quoques'ffedum
2160 1413 2315 1497 regi,

303 1498 412 1561 vix
431 1482 936 1579 decorc’s'ffabitu,
967 1498 1048 1562 ad
1075 1499 1314 1562 flumen
1334 1499 1644 1583 navisque
1675 1498 2044 1583 perfugerit.
2084 1500 2372 1581 findam-*-

302 1589 370 1650 et
416 1585 545 1650 alia
589 1586 781 1650 turba
826 1586 1027 1650 effusa
1063 1590 1230 1677 estu
1253 1587 1450 1671 paulo
1495 1587 1707 1650 minus
1744 1587 1875 1651 tria
1920 1587 2102 1651 milia
2148 1588 2312 1651 mili·
2355 1602 2420 1649 14

301 1678 442 1739 tum
486 1675 557 1739 in
602 1674 831 1738 castris
870 1677 981 1739 aut
1017 1677 1206 1758 capta
1243 1678 1360 1739 aut
1396 1695 1631 1758 occisa3
1671 1664 1813 1757 plus
1851 1677 2070 1739 tamen
2106 1674 2313 1740 homi-

301 1784 456 1828 num
484 1762 818 1846 aliquanto
847 1765 1106 1846 captum
1134 1784 1325 1847 quam
1358 1783 1614 1827 caesum
1634 1767 1749 1827 est.
1794 1764 2026 1828 castris
2048 1762 2417 1853 direptfflb,

301 1851 765 1935 Apolloniatae
829 1851 1218 1935 catapultas,
1287 1850 1587 1915 ballistas
1651 1854 2101 1935 tormentaque
2165 1852 2314 1935 alia,

303 1962 465 2024 quae
526 1939 1003 2046 oppugnandae·
1051 1938 1198 2004 urbi
1256 1942 1606 2022 conparata
1665 1944 1873 2025 erant,
1934 1940 2016 2006 ad
2075 1941 2314 2006 tuenda

303 2028 586 2112 moenia,
623 2050 681 2093 s1
709 2043 880 2112 quan
927 2049 964 2092 o
993 2028 1226 2092 similis
1265 2028 1528 2092 fortuna
1554 2028 1865 2110 venisset,
1897 2027 2314 2110 Apolloniam

304 2116 638 2199 devexere3
676 2119 888 2180 cetera
917 2116 1123 2180 omnis
1160 2115 1400 2198 praeda
1437 2119 1790 2182 castrorum
1821 2115 2135 2179 Romanis
2166 2138 2313 2180 con·
2333 2178 2398 2190 „i

304 2225 484 2305 cgssa
530 2207 643 2269 est.
715 2202 876 2269 haec
920 2224 1065 2268 cum
1102 2203 1362 2269 Oricum
1399 2207 1613 2269 essent
1647 2204 1969 2287 nuntiata,
2007 2201 2314 2269 MWffle-
2354 2216 2420 2265 16

301 2313 434 2357 nus
489 2293 761 2357 classem
817 2295 1027 2355 extem
1075 2291 1137 2356 lo
1195 2291 1275 2357 ad
1331 2293 1567 2357 ostium
1622 2292 1902 2358 fluminis
1969 2293 2173 2377 duxit,
2235 2315 2314 2357 ne

301 2381 574 2446 navibus
611 2314 1207 2465 capessemffipffm
1244 2400 1357 2444 rex
1392 2384 1630 2464 posset.
1702 2381 1918 2465 itaque
1954 2381 2314 2467 Philippus,
2354 2395 2418 2444 17

302 2491 508 2552 neque
535 2470 830 2533 terrestri
857 2490 1066 2552 neque
1093 2469 1314 2533 navali
1355 2469 1690 2533 certamini
1730 2471 1890 2534 satis
1917 2470 2055 2536 fore
2091 2492 2315 2554 parem

302 2578 372 2621 se
408 2556 636 2640 fidens,
675 2556 1005 2620 subductis
1043 2557 1236 2635 naxib‘
1242 2579 1316 2621 us
1356 2560 1546 2641 atque
1584 2558 1863 2623 incensis
1901 2561 2075 2623 terra
2103 2558 2315 2622 Mace·
2400 2577 2442 2644 23³

302 2644 565 2709 doniam
603 2666 681 2727 pe
817 2666 923 2709 ma
972 2666 1057 2708 na
1095 2666 1172 2708 ex
1255 2648 1392 2709 arte
1430 2646 1658 2709 inermi
1697 2646 1974 2710 exercitu
2007 2641 2341 2728 spoliato-²
2371 2646 2412 2678 ¹³³
2439 2725 2452 2735 f
2524 2691 2542 2697 ff

302 2754 444 2818 que.
521 2732 814 2797 Romana
852 2713 1080 2797 classls
1120 2754 1264 2798 cum
1300 2733 1388 2799 M.
1415 2731 1679 2797 Valerio
1720 2732 1894 2798 Orici
1928 2733 2416 2828 hibernavit&
2430 2736 2440 2741 ‘⁷

191 2831 321 2858 “⁶'‘
477 2819 642 2886 XLI.
713 2820 962 2886 Eodem
1010 2842 1179 2885 anno
1225 2822 1295 2885 in
1341 2821 1662 2905 Hispania
1706 2821 1882 2886 varie
1927 2843 2028 2886 res
2074 2841 2187 2904 ges
2224 2843 2260 2885 a
2299 2872 2314 2887 .
2354 2831 2381 2882 1
2515 2827 2554 2834 ““
2639 2829 2640 2834 ’

301 2930 454 2972 nam
507 2909 880 2991 priusquam
936 2908 1216 2974 Romani
1272 2931 1527 2974 amnem
1577 2909 1889 2975 Hiberum
1944 2910 2314 2994 transirent,

300 2997 594 3080 ingentes
642 2998 863 3080 copias
910 2996 1352 3081 Hispanorum
1387 2997 1581 3083 Mago
1630 3002 1696 3063 et
1737 2998 2103 3064 Hasdrubal
2139 2999 2314 3064 fude-

299 3087 476 3148 runt.
549 3083 1009 3168 defecissetque
1057 3086 1138 3150 ab
1185 3084 1496 3151 Romanis
1542 3087 1811 3152 ulterior
1857 3086 2201 3172 Hispania,
2246 3088 2314 3151 ni
2351 3100 2383 3148 2

300 3172 370 3236 P.
418 3168 753 3237 Cornelius
797 3175 1035 3255 raptim
1081 3175 1377 3239 traducto
1424 3176 1707 3240 exercitu
1742 3176 2057 3241 Hiberum
2104 3172 2313 3238 dubiis

301 3259 627 3326 sociorum
691 3260 921 3324 animis
987 3262 1057 3325 in
1118 3264 1409 3345 tempore
1475 3264 1850 3328 advenisset.
1953 3264 2163 3345 primo
2230 3262 2312 3324 ad
2350 3274 2381 3322 3

301 3348 602 3413 Castrum
660 3345 902 3414 Album
963 3385 1047 3395 —
1106 3350 1283 3414 locus
1345 3354 1443 3415 est
1500 3350 1775 3436 insignis
1840 3350 2030 3415 caede
2090 3348 2314 3431 magni

299 3435 688 3501 Hamilcaris
719 3473 803 3482 —
834 3440 1048 3502 castra
1074 3437 1348 3501 Romani
1376 3437 1674 3502 habuere.
1758 3460 1868 3501 arx
1896 3441 2036 3502 erat
2064 3438 2313 3502 munita
2350 3453 2383 3497 4

301 3529 365 3589 et
419 3529 847 3591 convexerant
903 3528 1052 3590 ante
1106 3525 1525 3606 frumentum3
1585 3529 1831 3607 tamen,
1888 3525 2039 3607 quia
2095 3527 2312 3590 omnia
