2654 3913
343 219 432 281 44
638 216 852 272 LIBER
885 216 1080 274 XXIV.
1155 215 1308 271 CAP.
1351 223 1436 271 39.
1475 223 1561 273 40.
1639 217 1711 287 [a.
1750 217 1815 272 U.
1854 234 1901 272 c.
1939 219 2067 289 540]

344 363 511 427 tium
557 357 925 447 Crispinum
971 361 1043 425 in
1087 361 1224 426 eius
1272 360 1487 425 locum
1535 360 1729 426 classi
1776 361 2131 445 castrisque
2177 384 2359 445 prae-

245 462 305 511 13
344 450 482 514 ficit
508 451 864 534 veteribus3
901 450 1041 533 ipse
1068 449 1488 514 hibernacula
1517 449 1795 533 quinque
1832 449 2014 513 milia
2049 471 2359 531 passuum

343 538 422 603 ab
465 537 806 621 Hexapylo
858 574 936 584 —
986 537 1232 603 Leonta
1285 538 1519 602 vocant
1572 538 1784 602 locum
1843 573 1920 584 —
1981 539 2361 603 communiit

345 627 849 710 aedificavitque.
945 625 1107 691 haec
1163 626 1235 690 in
1288 622 1512 690 Sicilia
1569 647 1772 709 usque
1834 624 1913 690 ad
1970 626 2360 709 principium

50 696 575 863 Mis-qzhffimw
621 712 858 800 gesta-l

197 796 657 915 (lfsfXL.
719 801 967 866 Eadem
1014 804 1263 866 aestate
1310 804 1377 866 et
1424 822 1567 865 cum
1613 801 1920 886 Philippo
1966 822 2143 887 rege,
2188 802 2358 902 quod

276 903 307 950 2
346 892 477 954 iam
525 894 676 954 ante
714 892 1083 972 suspectum
1118 887 1358 973 fuerat,
1396 893 1645 954 motum
1681 890 1928 954 bellum
1966 895 2081 954 est.
2159 889 2358 973 legati

347 977 429 1041 ab
477 976 664 1043 Orico
722 977 804 1042 ad
848 976 934 1042 M.
981 975 1315 1041 Valerium
1375 980 1735 1060 praetorem
1790 981 2128 1062 venerunt,
2181 999 2370 1060 prae-⁷

347 1065 659 1130 sidentem
741 1065 900 1129 lassi
936 1063 1279 1130 Brundisio
1319 1062 1782 1148 Calabriaeque
1828 1067 1999 1131 circa
2042 1066 2365 1150 litoribus,

344 1154 717 1218 nuntiantes
772 1136 1147 1237 Plillippum
1200 1153 1481 1237 primum
1528 1151 1945 1236 Apolloniam
2005 1156 2361 1237 temptasse

344 1242 577 1306 lembis
622 1241 976 1306 biremibus
1023 1246 1280 1309 centum
1315 1241 1550 1325 viginti
1594 1240 2175 1342 fll-IQQQO
2214 1242 2360 1306 sub-

277 1341 308 1390 3
347 1334 627 1414 vectum3
676 1330 933 1417 deinde,
979 1333 1053 1396 ut
1099 1352 1176 1395 ea
1219 1351 1322 1396 res
1369 1327 1619 1409 tardior
1663 1350 1692 1392 s
1820 1329 2045 1411 fuerit,
2092 1328 2174 1393 ad
2220 1328 2361 1394 Ori-

349 1439 495 1484 cum
542 1419 707 1484 clam
751 1423 940 1484 nocte
987 1419 1337 1484 exercitum
1375 1398 1763 1501 afimovisse3
1811 1439 2080 1501 eamque
2117 1417 2363 1500 urbem,

350 1508 543 1572 sitam
577 1530 646 1572 111
681 1498 873 1592 plano
901 1529 1110 1593 neque
1140 1508 1475 1573 moenibus
1502 1527 1707 1590 neque
1734 1506 1891 1572 viris
1930 1509 2123 1590 atque
2165 1507 2364 1571 armis

278 1605 313 1653 4
348 1597 656 1681 validam,
683 1597 892 1679 primo
913 1596 1161 1678 impetu
1181 1617 1560 1679 oppressam
1585 1615 1741 1660 esse.
1803 1595 1962 1660 haec
1988 1595 2365 1659 nuntiantes

353 1685 652 1764 orabant,
698 1688 771 1747 ut
816 1704 1006 1766 opem
1050 1683 1252 1746 ferret
1295 1683 1675 1764 hostemque
1720 1682 1894 1745 haud
1931 1681 2196 1746 dubium
2233 1681 2365 1747 Ro-

348 1770 558 1832 manis
607 1770 773 1832 mari
810 1790 883 1832 ac
920 1772 1096 1833 terra
1134 1790 1173 1832 a
1208 1768 1554 1833 maritimis
1591 1767 1861 1832 urbibus
1899 1772 2162 1850 arceret,
2199 1789 2363 1851 quae

350 1856 433 1921 ob
460 1855 709 1924 nullam
738 1855 932 1920 aliam
972 1877 1256 1939 causam,
1292 1855 1419 1919 nisi
1456 1854 1627 1938 quod
1669 1854 1683 1867 '
1754 1852 2076 1919 minerent
2112 1855 2264 1919 Itali
2308 1878 2361 1939 e,

281 1953 311 2003 5
350 1947 740 2028 peterentur.
818 1942 906 2010 M.
950 1943 1252 2009 Valerius
1298 1943 1567 2008 duorum
1614 1942 1864 2008 milium
1953 1928 2230 2010 raesldio
2273 1965 2363 2010 re·

351 2034 488 2099 licto
537 2035 1015 2117 praepositoque
1082 2032 1173 2097 eis
1229 2032 1300 2097 P.
1346 2031 1611 2097 Valerio
1666 2032 1887 2116 legato
1952 2054 2097 2097 cum
2158 2034 2363 2098 classe

334 2103 667 2187 instructa
702 2126 1054 2206 parataque
1093 2125 1184 2205 et,
1229 2122 1401 2205 quod
1442 2122 1672 2223 longae
1708 2142 1905 2186 naves
2010 2121 2225 2187 ilitum
2263 2143 2364 2187 ca-

350 2197 1075 2293 permant,
1133 2210 1202 2273 in
1261 2209 1589 2274 onerarias
1648 2210 1717 2273 in
1763 2210 1917 2274 osit1
2038 2211 2203 2275 ltero
2261 2209 2364 2274 die

285 2306 316 2354 6
354 2294 612 2360 Oricum
656 2298 952 2380 pervenit
995 2299 1346 2381 urbemque
1383 2318 1525 2362 eam
1566 2297 2364 2447 Q,

352 2385 521 2468 quod
563 2404 674 2449 rex
715 2384 1014 2449 recedens
1060 2385 1210 2449 inde
1245 2384 1620 2469 reliquerat,
1665 2384 1796 2449 hau
1884 2404 2120 2468 magno
2169 2389 2366 2450 certa-

282 2482 312 2529 7
352 2472 525 2536 mine
579 2473 837 2555 recepit.
927 2473 1131 2557 legati
1187 2494 1262 2538 eo
1319 2473 1400 2537 ab
1447 2472 1798 2555 Apollonia
1851 2476 2164 2538 venerunt
2205 2494 2365 2537 nun·

352 2559 590 2627 tiantes
635 2560 704 2625 in
760 2560 1090 2626 obsidione
1145 2582 1312 2645 sese,
1372 2560 1542 2644 quod
1596 2559 1863 2626 deficere
1918 2561 2000 2625 ab
2057 2561 2367 2634 Romanis

353 2647 629 2733 nollent,
689 2670 828 2714 esse
886 2671 1095 2734 neque
1154 2649 1887 2803 SUSW
1938 2647 2365 2715 Macedonum

282 2745 317 2795 8
355 2759 571 2822 posse,
615 2737 745 2802 nisi
789 2738 1184 2819 praesidium
1231 2760 1321 2803 mi
1385 2760 1424 2802 a
1456 2761 1530 2802 ur
1637 2758 1955 2802 ornanum.
2044 2736 2366 2802 facturum

356 2845 453 2907 se,
498 2846 660 2907 quae
705 2826 977 2910 vellent,
1022 2827 1352 2908 pollicitus
1390 2828 1514 2891 duo
1552 2825 1736 2889 milia
1772 2824 2164 2890 delectorum
2202 2824 2366 2888 mili·

353 2914 492 2973 tum
550 2911 824 2975 navibus
883 2912 1100 2995 longis
1168 2914 1377 2977 mittit
1434 2913 1515 2977 ad
1580 2911 1818 2977 ostium
1877 2911 2160 2976 fluminis
2221 2934 2364 2977 cum

352 2996 680 3080 praefecto
741 2998 988 3062 socium
1047 2998 1118 3073 Q.
1174 2998 1423 3064 Naevio
1485 2997 1725 3081 Crista,
1784 2999 1925 3064 viro
1984 2999 2243 3086 inpigro
2303 3005 2369 3064 et
2457 3029 2464 3044 *

284 3095 316 3144 9
354 3084 564 3168 perito
611 3084 897 3150 militiae.
961 3086 1018 3149 is
1067 3087 1377 3168 expositis
1424 3087 1494 3150 in
1537 3090 1779 3151 terram
1822 3086 2141 3153 militibus
2187 3088 2366 3152 navi-

355 3173 604 3275 busque
629 3171 888 3237 Oricum
925 3177 1098 3237 retro
1108 3223 1126 3256 ,
1162 3173 1330 3237 unde
1357 3179 1648 3258 venerat,
1677 3175 1758 3240 ad
1785 3178 2066 3241 ceteram
2096 3176 2366 3241 classem

354 3261 641 3326 remissis
689 3260 930 3327 milites
967 3260 1193 3346 procul
1239 3284 1278 3327 a
1313 3262 1577 3326 flumine
1622 3284 1738 3347 per
1772 3264 1946 3328 viam
1983 3263 2246 3328 minime
2284 3264 2367 3326 ab

356 3350 552 3433 regiis
602 3351 935 3416 obsessam
981 3348 1164 3414 duxit
1209 3353 1276 3414 et
1318 3353 1535 3433 nocte,
1581 3350 1675 3415 ita
1726 3355 1800 3416 ut
1851 3373 2041 3416 nemo
2085 3349 2368 3415 hostium

254 3446 320 3495 10
350 3437 655 3540 sentiret,
699 3439 928 3505 urbem
975 3441 1074 3504 est
1120 3438 1467 3524 ingressuS.
1530 3438 1698 3504 diem
1743 3425 2254 3522 mmm
2235 3436 2370 3520 qui·

357 3543 566 3607 evere,
460 3508 747 3589 dum
784 3527 1151 3611 praefectus
1191 3528 1594 3594 iuventutem
1619 3526 2135 3634 ApolloniQi
2165 3547 2367 3590 arma-
