2654 3913
675 201 887 260 LIBER
923 206 1114 264 XXVI.
1192 206 1343 262 CAP.
1387 214 1469 263 16.
1542 210 1617 278 [a.
1656 208 1713 263 C.
1753 210 1880 280 211]
2153 211 2274 274 131

267 370 589 433 quaquam
626 351 768 435 pari
806 352 886 416 ad
926 352 1234 417 virtutem
1273 352 1505 437 occidi3
1543 352 1662 417 sub
1704 353 1862 417 haec
1895 352 2068 417 dicta
2104 352 2280 417 iussu

266 440 673 522 proconsulis
720 460 1102 522 praeconem
1158 441 1253 505 ita
1296 440 1780 525 pronuntiasse:
1827 438 2100 523 “lictor,
2144 439 2282 503 viro

266 526 421 591 forti
460 526 622 592 adde
659 528 877 612 virgas
916 531 982 593 et
1018 528 1085 591 in
1124 550 1270 593 eum
1297 528 1577 613 primum
1607 528 1752 612 lege
1781 526 1969 612 age.''
2043 528 2283 591 lectum
2322 540 2355 587 4

268 635 521 700 quoque
577 620 839 681 senatus
895 617 1285 699 consultum,
1353 617 1727 702 priusquam
1784 616 1991 681 securi
2042 615 2287 698 feriret,

267 703 528 787 quidam
577 708 871 769 auctores
919 706 1094 789 sunt3
1141 705 1251 768 sed
1297 706 1449 787 quia
1486 704 1883 788 adscriptum
1919 704 1988 769 in
2025 705 2286 768 senatus

267 793 562 857 consulto
608 791 830 876 fuerit,
877 790 935 856 si
981 792 1039 856 ei
1075 792 1423 877 videretur,
1459 793 1780 879 integram
1816 814 1951 857 rem
1990 791 2070 857 ad
2108 813 2286 856 sena·

267 882 407 944 tum
471 880 770 963 reiceret,
834 879 1332 963 interpretatum
1399 902 1563 963 esse,
1627 880 1778 965 quid
1843 880 2053 965 magis
2120 902 2155 944 e
2216 900 2286 943 re

268 968 531 1051 publica
577 966 860 1051 duceret,
907 969 1427 1033 aestimationem
1476 970 1600 1034 sibi
1644 970 2043 1053 permissam.
2175 1045 2216 1051 w
2269 1047 2288 1052 Ἴ,
2319 1049 2338 1052 ἡ

447 1053 734 1139 Capuam
781 1079 821 1120 a
866 1054 1133 1121 Calibus
1177 1058 1458 1122 reditum
1504 1062 1629 1142 est,
1674 1056 2018 1142 Atellaque
2033 1039 2296 1122 ⁸*efffiCass
2325 1068 2357 1116 5

271 1143 431 1208 latia
477 1143 547 1208 in
595 1142 981 1209 deditionem
1032 1149 1347 1230 acceptae.
1436 1147 1530 1211 ibi
1576 1167 1826 1231 quoque
1871 1147 1939 1211 in
1989 1167 2127 1230 eos,
2173 1146 2287 1230 qui

270 1231 485 1315 capita
518 1252 733 1296 rerum
772 1237 983 1316 erant,
1023 1234 1558 1299 animadversum.
1620 1235 1716 1299 ita
1755 1234 1833 1298 ad
1872 1233 2287 1385 septuaginta
2325 1245 2357 1292 6

267 1318 591 1403 principes
622 1324 884 1384 senatus
912 1321 1263 1403 interfecti,
1290 1322 1566 1386 trecenti
1593 1322 1794 1385 ferme
1821 1322 2073 1385 nobiles
2157 1343 2285 1388 am-

268 1407 424 1490 pani
486 1407 554 1470 in
618 1427 938 1471 carcerem
1003 1408 1271 1492 conditi3
1338 1408 1450 1472 alii
1512 1429 1629 1491 per
1692 1409 2010 1473 sociorum
2069 1407 2290 1471 Latini

269 1493 555 1560 nominis
601 1495 792 1558 urbes
837 1496 904 1558 in
952 1495 1278 1560 custodias
1326 1494 1462 1560 dati
1503 1495 1700 1560 variis
1739 1496 1994 1560 casibus
2032 1495 2290 1559 interie-

271 1585 452 1665 runt3
500 1581 849 1647 multitudo
890 1583 1021 1646 alia
1059 1583 1295 1647 civium
1334 1580 1811 1667 Campanorum
1851 1604 2084 1648 venum
2121 1582 2291 1647 data.

272 1671 350 1734 de
398 1670 557 1735 urbe
612 1690 900 1756 agroque
954 1671 1206 1760 reliqua
1259 1673 1649 1737 consultatio
1706 1672 1854 1756 fuit,
1909 1670 2288 1756 quibusdam
2329 1684 2359 1731 7

271 1758 606 1823 delendam
647 1759 1056 1824 censentibus
1085 1758 1311 1824 urbem
1346 1761 1811 1846 praevalidam,
1846 1761 2290 1845 propinquam,

265 1846 620 1912 inimicam.
693 1851 973 1913 ceterum
1005 1870 1308 1932 praesens
1348 1849 1597 1914 utilitas
1627 1849 1810 1934 vicit3
1844 1871 1994 1914 nam
2023 1853 2290 1933 propter

275 1955 531 2020 agrum,
587 1956 776 2018 quem
831 1936 1007 2001 omni
1060 1936 1401 2002 fertilitate
1455 1941 1666 2002 terrae
1723 1939 1883 2002 satis
1947 1938 2291 2002 constabat

274 2025 556 2107 primum
595 2024 664 2087 in
689 2023 883 2086 Italia
922 2045 1088 2106 esse,
1125 2024 1279 2088 urbs
1310 2029 1565 2089 servata
1593 2028 1718 2108 est,
1753 2029 1829 2088 ut
1865 2028 2037 2089 esset
2074 2025 2291 2106 aliqua

275 2114 604 2176 aratorum
653 2109 854 2174 sedeS.
924 2110 1071 2175 urbi
1106 2110 1607 2194 frequentandae
1652 2106 2000 2175 multitudo
2044 2111 2284 2176 incola·
2325 2123 2357 2170 8

273 2221 419 2264 rum
446 2198 1019 2282 libertinorumque
1058 2201 1124 2263 et
1150 2199 1519 2264 institorum
1553 2199 1978 2284 opificumque
2006 2201 2286 2284 retenta3

275 2307 433 2373 ager
497 2286 704 2353 omnis
770 2291 836 2351 et
898 2290 1072 2352 tecta
1135 2288 1398 2371 publica
1466 2289 1692 2373 populi
1754 2286 2035 2352 Romani
2098 2286 2290 2353 facta.

216 2386 228 2469 ξ
276 2380 558 2441 ceterum
595 2374 877 2440 habitari
914 2378 1170 2441 tantum
1212 2381 1545 2461 tamquam
1583 2376 1808 2441 urbem
1849 2374 2132 2461 Capuam
2171 2375 2290 2440 ste·
2328 2389 2360 2436 9

222 2472 231 2499 '²
276 2465 698 2547 quentarique
734 2464 1006 2549 placuit,
1051 2486 1284 2548 corpus
1329 2466 1578 2529 nullum
1618 2465 1901 2530 civitatis
1941 2486 2064 2529 -nec
2111 2486 2289 2530 sena-

274 2557 415 2614 tum
461 2571 577 2615 nec
630 2550 841 2633 plebis
894 2552 1240 2616 concilium
1292 2574 1411 2616 nec
1466 2554 1883 2636 magistratus
1933 2573 2095 2616 esse:
2152 2553 2289 2616 sine
2330 2565 2395 2613 10

279 2637 549 2703 consilio
577 2636 865 2720 publico,
898 2638 1035 2702 sine
1071 2639 1345 2721 imperio
1384 2639 1883 2721 multitudinem,
1918 2639 2159 2702 nullius
2196 2639 2288 2702 rei

276 2727 446 2790 inter
492 2747 561 2791 se
606 2725 876 2810 sociam,
933 2725 1012 2789 ad
1059 2746 1438 2790 consensum
1488 2726 1837 2791 inhabilem
1884 2725 2049 2807 fore3
2105 2746 2290 2809 prae·

277 2814 518 2880 fectum
557 2813 639 2878 ad
674 2813 818 2878 iura
855 2812 1174 2878 reddenda
1213 2813 1294 2878 ab
1332 2812 1543 2877 Roma
1579 2812 1923 2897 quotannis
1961 2813 2292 2878 missuros,

277 2903 371 2967 ita
418 2902 498 2967 ad
548 2900 835 2986 Capuam
881 2923 986 2966 res
1030 2902 1429 2985 compositae
1467 2901 1735 2966 consilio
1775 2901 1855 2966 ab
1895 2901 2070 2967 omni
2106 2906 2292 2984 parte
2335 2912 2394 2961 Α1

210 2990 644 3071 „sswdabilid
695 3012 911 3056 severe
941 2994 1008 3055 et
1034 2989 1326 3055 celeriter
1355 2990 1423 3054 in
1448 2990 1723 3054 maxime
1748 2988 1977 3054 noxios
2008 2989 2372 3069 animadgm„

278 3101 562 3162 versum3
626 3079 975 3144 multitudo
1031 3078 1264 3145 civium
1321 3077 1634 3162 dissipata
1687 3078 1753 3142 in
1807 3078 2055 3144 nullam
2111 3091 2291 3163 spem

278 3167 551 3251 reditus3
594 3188 726 3233 non
773 3168 1089 3232 saevitum
1136 3166 1451 3231 incendiis
1497 3166 1824 3250 ruinisque
1869 3167 1939 3231 in
1981 3170 2155 3233 tecta
2199 3169 2338 3230 in·-

276 3257 474 3321 noxia
519 3276 890 3339 murosque,
952 3259 1016 3320 et
1068 3276 1211 3320 cum
1259 3254 1689 3319 emolumento
1747 3254 2042 3338 quaesita
2097 3255 2291 3318 etiam
2335 3267 2394 3316 12

279 3345 449 3428 apud
496 3343 703 3409 socios
749 3342 1042 3408 lenitatis
1089 3342 1332 3426 species
1387 3342 1833 3408 incolumitate
1886 3343 2066 3407 urbis
2111 3342 2293 3408 nobi-

277 3434 566 3498 lissimae
615 3431 1294 3515 opulentissimaeque,
1355 3430 1534 3496 cuius
1588 3431 1793 3496 ruinis
1850 3431 2062 3496 omnis
2109 3429 2296 3499 Cam-

278 3522 497 3606 pania,
559 3541 780 3588 omnes
841 3520 947 3604 qui
1005 3517 1422 3602 Campaniam
1485 3520 1652 3585 circa
1713 3520 2012 3586 accolunt
2068 3522 2295 3608 populi

1795 3625 1867 3678 9*
