2654 3913
570 200 783 254 LIBER
817 201 1012 256 XXVI.
1089 201 1241 256 CAP.
1280 208 1366 256 se.
1407 208 1492 256 37.
1571 203 1646 273 [a.
1685 201 1744 256 c.
1783 203 1909 273 210]
2125 204 2251 267 155

241 345 521 431 argenti,
567 346 678 430 qui
725 346 931 411 curuli
987 346 1150 410 sella
1195 345 1528 429 sederunt,
1553 346 1719 433 ‚equi
1767 349 2145 411 ornamenta
2190 352 2257 413 ct
2293 359 2326 407 6

238 434 437 498 libras
466 433 702 518 pondo
713 484 730 517 ,
785 437 860 497 ut
916 434 1197 498 salinum
1249 433 1691 518 patellamque
1748 432 2014 499 deorum
2061 454 2258 500 causa

238 521 475 587 habere
528 522 810 605 possint,
865 522 1064 586 ceteri
1120 525 1450 587 senatores
1504 522 1743 587 libram
1799 521 2053 606 argenti
2114 525 2256 586 tan-

238 614 405 692 tum3
445 609 611 675 aeris
649 608 894 694 signati
930 610 1125 693 quina
1151 609 1337 675 milia
1375 610 1443 673 in
1483 608 1777 695 singulos
1812 614 2034 693 patres
2073 609 2257 674 fami-
2296 623 2325 669 7

238 696 362 760 liae
389 697 859 782 relinquamus:
897 700 1185 763 ceterum
1222 719 1413 763 omne
1451 719 1707 780 aurum,
1744 701 2109 782 argentum,
2149 718 2256 763 aes
2295 710 2328 758 8

236 784 1492 939 {ffffilfftssffiea‘}efflfflffffisffifflsissffl
1533 785 2258 939 θίἷθῗὲῧὲῃῗὲἷῗέᾛῗ

234 960 396 1025 latio
453 965 520 1025 et
575 963 901 1026 certamen
948 962 1350 1028 adiuvandae
1401 924 1515 1027 rei,
1548 961 1849 1048 publicae
1894 963 2131 1028 excitet
2177 962 2259 1028 ad

237 1048 693 1115 aemulandum
749 1050 999 1116 animos
1057 1051 1338 1134 primum
1394 1051 1715 1135 equestris
1780 1050 2048 1135 ordinis,
2111 1050 2260 1116 dein

237 1137 522 1222 reliquae
556 1137 786 1221 plebis.
864 1138 1029 1204 hanc
1065 1160 1261 1205 unam
1299 1140 1474 1205 viam
1510 1139 1722 1206 multa
1756 1139 1929 1205 inter
1963 1162 2081 1204 nos
2112 1161 2259 1205 con·
2298 1152 2329 1199 9

240 1225 442 1291 locuti
472 1226 768 1291 consules
796 1226 1183 1292 invenimus.
1253 1227 1669 1312 ingredimini
1707 1227 1806 1291 dis
1842 1228 2008 1292 bene
2035 1228 2259 1292 iuvan-

236 1314 435 1379 tibus.
524 1335 629 1378 res
691 1315 956 1397 publica
1018 1316 1358 1379 incolumis
1424 1318 1493 1380 ct
1553 1315 1843 1398 privatas
1906 1336 2009 1378 res
2068 1314 2261 1379 facile

239 1401 452 1467 salvas
500 1403 816 1484 praestat;
862 1402 1125 1484 publica
1168 1402 1496 1484 prodendo
1543 1405 1659 1466 tua
1693 1401 2085 1484 nequiquam
2130 1422 2261 1465 ser-

240 1486 418 1554 veS.''
484 1488 552 1552 in
596 1488 757 1553 haec
802 1492 989 1554 tanto
1037 1489 1253 1554 animo
1292 1510 1677 1555 consensum
1723 1492 1849 1572 est,
1894 1491 1968 1552 ut
2010 1489 2261 1574 gratiae
2302 1502 2368 1551 10

237 1578 411 1642 ultro
459 1576 830 1641 consulibus
877 1581 1241 1660 agerentur.
1315 1581 1547 1643 senatu
1585 1576 1734 1641 inde
1780 1575 1979 1641 misso
2024 1598 2144 1659 pro
2193 1599 2261 1642 se
2302 1590 2365 1638 11

244 1665 515 1749 quisque
564 1686 792 1729 aurum
837 1671 895 1730 et
938 1670 1281 1748 argentum
1340 1669 1408 1731 et
1451 1687 1559 1731 aes
1604 1666 1674 1730 in
1728 1664 2062 1748 publicum
2117 1686 2263 1729 con-

240 1754 457 1819 ferunt
520 1756 704 1818 tanto
769 1754 1119 1819 certamine
1182 1754 1448 1838 iniecto,
1510 1758 1586 1819 ut
1648 1752 1862 1838 prima
1918 1757 2050 1818 aut-
2091 1753 2264 1818 inter

241 1842 487 1927 primos
532 1841 799 1907 nomina
846 1865 962 1907 sua
1002 1843 1246 1909 vellent·
1280 1844 1352 1907 in
1388 1842 1667 1927 publicis
1705 1842 1947 1908 tabulis
1986 1862 2153 1927 esse,
2187 1844 2263 1907 ut

240 1951 359 1996 nec
404 1929 729 1995 triumviri
785 1930 1162 2015 accipiundo
1218 1953 1339 1997 nec
1393 1932 1643 1998 scribae
1698 1930 2037 1996 referundo
2087 1930 2262 1997 suffi-

243 2022 476 2082 cerent.
575 2018 747 2082 hunc
810 2040 1191 2084 consensum
1251 2024 1515 2084 senatus
1580 2022 1880 2102 equester
1942 2018 2099 2082 ordo
2163 2022 2266 2083 est
2305 2032 2367 2079 12

245 2109 529 2187 secutus,
576 2106 891 2188 equestris
940 2106 1184 2171 ordinis
1229 2106 1435 2190 plebs.
1515 2106 1613 2171 ita
1658 2106 1797 2170 sine
1844 2104 2078 2188 edicto,
2125 2105 2264 2169 sine

245 2193 632 2259 coercitione
678 2193 1101 2277 magistratus
1156 2215 1275 2260 nec
1319 2194 1565 2280 remige
1621 2193 1691 2258 in
1745 2193 2266 2277 supplementum

243 2303 364 2347 nec
421 2281 746 2365 stipendio
800 2303 903 2346 res
957 2282 1219 2367 publica
1274 2283 1480 2368 eguit3
1537 2282 1910 2367 paratisque
1965 2281 2265 2347 omnibus

245 2371 326 2435 ad
373 2370 620 2436 bellum
668 2370 962 2436 consules
1007 2371 1077 2435 in
1121 2372 1488 2456 provincias
1533 2371 1811 2456 profecti
1857 2375 2024 2436 sunt.

420 2458 747 2523 XXXVII.
809 2459 1038 2543 Neque
1084 2459 1259 2524 aliud
1307 2460 1574 2545 [magis]
1624 2465 1879 2544 tempus
1923 2459 2080 2523 belli
2124 2459 2266 2541 fuit,
2306 2470 2334 2518 1

244 2567 372 2632 quo
420 2544 989 2629 Carthaginienses
1035 2547 1442 2631 Romanique
1485 2548 1730 2631 pariter
1776 2547 1973 2610 variis
2012 2547 2265 2611 casibus

245 2633 562 2699 immixtis
609 2634 818 2717 magis
863 2634 930 2697 in
978 2635 1246 2717 ancipiti
1293 2656 1407 2717 spe
1454 2655 1530 2698 ac
1565 2637 1745 2698 metu
1786 2633 2044 2697 fuerint.
2115 2653 2266 2696 nam
2303 2645 2337 2693 2

246 2721 559 2788 Romanis
609 2725 676 2786 et
728 2722 799 2786 in
842 2721 1219 2805 provinciis,
1272 2720 1425 2785 hinc
1479 2720 1545 2784 in
1593 2720 1917 2804 Hispania
1961 2720 2268 2785 adversae

244 2832 381 2895 res,
443 2810 597 2874 hinc
661 2831 1010 2894 prosperae
1073 2809 1144 2872 in
1206 2808 1430 2875 Sicilia
1494 2810 1738 2873 luctum
1813 2812 1879 2872 et
1948 2808 2268 2873 laetitiam

245 2899 665 2979 miscuerant3
703 2901 769 2963 et
804 2899 872 2962 in
899 2896 1094 2962 Italia
1131 2918 1276 2962 curn
1305 2897 1658 2961 Tarentum
1694 2897 2003 2961 amissum
2031 2895 2267 2961 damno
2307 2908 2338 2955 3

249 2991 315 3053 et
353 2986 590 3070 dolori,
625 2991 766 3052 tum
803 3009 918 3051 arx
958 3007 1103 3050 cum
1143 2984 1468 3070 praesidio
1505 2988 1763 3050 retenta
1795 2988 2053 3068 praeter
2090 3005 2269 3068 spem

247 3075 489 3160 gaudio
549 3075 699 3158 fuit;
760 3079 827 3140 et
884 3079 1198 3139 terrorem
1259 3073 1547 3139 subitum
1604 3094 2036 3158 pavoremque
2089 3072 2268 3138 urbis
2307 3084 2342 3133 4

246 3165 495 3229 Romae
535 3164 837 3229 obsessae
875 3166 941 3227 et
973 3166 1388 3245 oppugnatae
1425 3159 1645 3245 Capua
1671 3164 1821 3245 post
1857 3162 1990 3227 dies
2028 3181 2269 3245 paucos

247 3255 442 3336 capta
502 3252 569 3316 in
629 3251 948 3316 laetitiam
1007 3251 1224 3315 vertit.
1322 3251 1794 3315 transmarinae
1854 3269 2107 3334 quoque
2165 3268 2269 3313 res
2309 3259 2344 3309 ⁶

246 3339 527 3425 quadam
573 3339 713 3404 vice
758 3341 1096 3423 pensatae:
1142 3338 1486 3423 Philippus
1521 3337 1733 3402 hostis
1770 3341 2061 3420 tempore
2096 3335 2270 3400 haud

247 3429 408 3494 satis
459 3432 828 3514 opportuno
875 3428 1116 3512 factus,
1161 3426 1386 3492 Aetoli
1429 3425 1584 3491 novi
1621 3425 1852 3491 adsciti
1889 3424 2049 3491 socii
2087 3425 2273 3489 Atta·

245 3517 504 3602 Iusque,
542 3516 738 3582 Asiae
786 3537 927 3600 rex,
972 3516 1105 3580 iam
1151 3514 1331 3580 velut
1368 3513 1804 3600 despondente
1850 3513 2113 3578 fortuna
2147 3512 2274 3578 Ro·
