2654 3913
395 219 523 281 144
668 217 886 271 mssssa
922 217 1116 271 xxvl.
1193 217 1349 273 GAP.
1389 224 1471 274 26.
1511 223 1597 272 27.
1674 218 1747 288 [a.
1785 217 1848 273 U.
1889 235 1933 273 c.
1974 219 2104 289 544]

394 363 664 429 eundem
692 362 932 427 litteris
968 361 1154 426 falsis
1193 362 1420 427 urbem
1456 362 1763 445 inplesse,
1801 362 2046 427 bellum
2083 362 2150 426 in
2188 360 2412 428 Sicilia

322 461 355 509 9
394 473 562 534 esse,
607 453 683 515 ut
737 473 918 514 suam
971 450 1227 515 laudem
1281 451 1551 514 minuat.
1638 450 1954 515 moderati
2011 451 2212 515 animi
2267 451 2409 537 glo-

394 541 557 605 riam
604 560 679 603 eo
726 538 829 603 die
867 538 1136 622 adeptus
1174 539 1396 604 consul
1438 542 1735 603 senatum
1774 539 2044 620 dimisit;
2094 560 2170 603 ac
2204 561 2411 623 prope

393 629 715 693 iustitium
744 627 1030 693 omnium
1057 649 1270 692 rerum
1305 627 1596 691 futurum
1625 627 1987 710 videbatur,
2015 626 2215 690 donec
2244 628 2414 691 alter

292 727 355 775 10
395 717 619 783 consul
676 715 755 780 ad
802 717 1029 780 urbem
1075 716 1376 780 venisset.
1468 715 1698 799 otium,
1743 718 1820 779 ut
1865 715 2055 798 solet,
2100 716 2412 779 excitavit

392 805 602 888 plebis
649 825 968 868 rumores:
1029 804 1185 867 belli
1230 804 1720 869 diuturnitatem
1768 808 1834 868 et
1876 806 2168 868 vastatos
2215 823 2409 888 agros

393 894 561 957 circa
606 893 860 972 urbem,
918 914 1045 974 qua
1089 892 1326 956 infesto
1385 892 1640 974 agmine
1695 892 1857 956 isset
1901 891 2258 976 Hannibal,
2304 914 2410 956 ex-

391 982 691 1044 haustam
737 978 1076 1042 dilectibus
1121 979 1381 1043 Italiam
1437 984 1503 1043 et
1548 1001 1748 1062 prope
1797 982 2141 1063 quotannis
2190 1001 2410 1045 caesos

292 1078 353 1125 11
394 1068 707 1133 exercitus
739 1066 1189 1149 querebantur,
1219 1070 1283 1130 et
1309 1067 1607 1131 consules
1637 1066 1982 1132 bellicosos
2014 1069 2206 1133 ambo
2237 1070 2410 1133 viros

394 1177 696 1239 acresque
757 1154 953 1217 nimis
1018 1159 1084 1218 et
1142 1154 1389 1219 feroces
1454 1157 1730 1236 creatos,
1795 1155 1907 1236 qui
1958 1156 2063 1218 vel
2122 1156 2192 1219 in
2250 1179 2410 1239 pace

390 1243 746 1329 tranquilla
798 1243 1041 1307 bellum
1096 1244 1373 1308 excitare
1436 1245 1736 1326 possent,
1798 1241 2037 1306 nedum
2099 1243 2168 1305 in
2232 1243 2409 1308 bello

393 1335 709 1418 respirare
757 1332 1088 1398 civitatem
1132 1331 1350 1397 forent
1394 1331 1671 1415 passuri.

327 1434 352 1479 1
570 1420 836 1487 XXVII.
882 1421 1238 1505 Interrupit
1262 1420 1385 1486 hos
1414 1442 1740 1485 sermones
1767 1423 1984 1503 nocte,
2012 1441 2175 1503 quae
2202 1419 2410 1503 pridie

395 1510 832 1595 Quinquatrus
877 1510 1028 1593 fuit,
1072 1510 1366 1593 pluribus
1414 1509 1607 1574 simul
1651 1509 1812 1573 locis
1860 1509 2030 1573 circa
2064 1508 2277 1573 forum
2315 1508 2411 1571 in-

322 1609 354 1655 2
394 1600 688 1665 cendium
719 1604 948 1664 ortum.
1021 1599 1246 1662 eodem
1273 1601 1565 1680 tempore
1604 1599 1852 1679 septem
1888 1597 2213 1681 tabernae,
2249 1618 2411 1679 quae

391 1692 621 1770 postea
668 1688 972 1770 quinque,
1020 1689 1086 1747 et
1133 1686 1569 1767 argentariae,
1621 1705 1785 1765 quae
1830 1705 2001 1748 nunc
2044 1705 2251 1748 novae
2299 1707 2413 1767 ap-

322 1783 354 1828 3
393 1775 741 1855 pellantur,
789 1792 1029 1852 arsere3
1076 1771 1517 1852 conprehensa
1559 1774 1786 1851 postea
1830 1771 2088 1851 privata
2124 1772 2413 1835 aedificia

396 1895 473 1904 —
522 1879 731 1941 neque
779 1857 948 1921 enim
1005 1861 1146 1919 tum
1191 1857 1497 1920 basilicae
1543 1860 1726 1919 erant
1773 1891 1884 1939 —,
1931 1855 2410 1940 conprehensae

392 1947 744 2012 lautumiae
809 1945 1147 2029 forumque
1210 1943 1634 2028 piscatorium
1705 1947 1770 2010 et
1835 1945 2076 2010 atrium
2139 1946 2410 2031 regium.

321 2046 355 2093 4
394 2037 566 2102 aedis
611 2036 851 2101 Vestae
897 2035 1006 2100 vix
1053 2034 1315 2099 defensa
1372 2039 1473 2099 est
1515 2033 1824 2098 tredecim
1870 2035 2148 2099 maxime
2196 2057 2411 2100 servo-

393 2148 537 2191 rum
584 2146 814 2211 opera,
854 2124 965 2208 qui
1008 2124 1079 2187 in
1122 2124 1455 2206 publicum
1501 2123 1821 2206 redempti
1868 2145 1942 2188 ac
1989 2146 2183 2188 manu
2228 2124 2410 2188 missi

322 2223 356 2270 5
394 2217 560 2280 sunt.
648 2217 840 2277 nocte
895 2233 970 2276 ac
1016 2212 1117 2276 die
1174 2212 1625 2277 continuatum
1679 2211 2042 2275 incendium
2096 2212 2244 2294 fuit;
2291 2233 2410 2276 nec

394 2302 514 2365 ulli
561 2300 827 2364 dubium
875 2304 1014 2364 erat
1048 2292 1335 2363 humana
1371 2299 1438 2362 id
1482 2298 1707 2362 fraude
1743 2299 1986 2362 factum
2024 2320 2192 2382 esse,
2240 2300 2410 2382 quod

392 2387 684 2470 pluribus
722 2387 918 2450 simul
956 2386 1115 2450 loc1s
1125 2436 1142 2468 ,
1181 2389 1247 2450 et
1280 2387 1363 2449 iis
1394 2385 1662 2450 d1vers1s
1672 2435 1690 2468 ,
1728 2386 1912 2468 ignes
1941 2385 2149 2449 coorti
2178 2391 2410 2451 essent.

322 2485 356 2533 6
395 2477 612 2559 itaque
642 2475 864 2540 consul
894 2496 971 2538 ex
1000 2473 1385 2538 auctoritate
1415 2470 1677 2538 senatus
1706 2494 1824 2556 pro
1855 2473 2156 2538 contione
2195 2474 2412 2558 edixit,

396 2563 532 2649 qui,
578 2585 848 2667 quorum
898 2585 1094 2647 opera
1138 2562 1202 2626 id
1250 2563 1599 2627 conflatum
1646 2561 2035 2646 incendium,
2079 2562 2409 2645 profitere-

393 2658 529 2738 tur,
573 2653 931 2736 praemium
976 2652 1113 2716 fore
1150 2651 1356 2717 libero
1393 2651 1760 2734 pecuniam,
1799 2672 1984 2715 servo
2023 2651 2410 2716 libertatem.

325 2751 358 2800 ι
396 2764 471 2807 eo
499 2742 790 2825 praemio
818 2741 1118 2806 inductus
1142 2737 1620 2824 Campanorum
1639 2737 2052 2805 Calaviorum
2084 2761 2304 2804 servus
2328 2776 2404 2786 —

396 2829 628 2895 Manus
683 2830 743 2895 ei
796 2850 1031 2895 nomen
1089 2832 1227 2892 erat
1277 2865 1355 2874 —
1404 2828 1718 2893 indicavit
1763 2827 2058 2891 dominos
2120 2830 2188 2891 et
2233 2828 2409 2912 quin·

399 2940 521 3001 que
566 2923 900 3002 praeterea
943 2918 1203 2981 iuvenes
1250 2917 1499 2981 nobiles
1540 2913 1934 2999 Campanos,
1981 2937 2258 2999 quorum
2302 2938 2410 2999 pa-

396 3009 608 3069 rentes
657 3027 696 3068 a
734 3004 806 3079 Q.
843 3004 1068 3068 Fulvio
1106 3004 1312 3068 securi
1350 3005 1633 3088 percussi
1672 3005 1883 3086 erant,
1927 3002 1995 3066 id
2042 3003 2413 3068 incendium

326 3103 358 3151 8
395 3092 627 3156 fecisse
663 3092 990 3176 vulgoque
1025 3091 1308 3156 facturos
1348 3092 1504 3174 alia,
1547 3093 1617 3155 ni
1656 3090 2191 3174 conprendantur.
2265 3114 2415 3157 con-

397 3179 699 3267 prehensi
743 3179 867 3263 ipsi
913 3179 1323 3263 familiaeque
1363 3201 1602 3244 eorum.
1677 3182 1744 3244 et
1779 3180 1988 3262 primo
2037 3181 2414 3245 elevabatur

398 3269 587 3335 index
632 3269 1092 3353 indiciumque.
1148 3268 1354 3351 pridie
1408 3289 1557 3332 eum
1603 3267 1976 3332 verberibus
2025 3268 2409 3352 castigatum

400 3357 481 3421 ab
543 3357 816 3422 dominis
872 3356 1269 3441 discessisse,
1324 3378 1722 3442 pgr-Eam-
1715 3377 1789 3420 ac
1827 3355 2206 3443 levitatem
2222 3376 2299 3427 ex
2342 3376 2413 3417 re

331 3455 359 3501 9
399 3445 669 3509 fortuita
713 3445 952 3510 crimen
997 3449 1456 3528 commentum3
1512 3434 1796 3510 ceterum
1840 3447 1914 3508 ut
1967 3464 2184 3508 coram
2239 3462 2414 3506 coar-

399 3516 789 3612 guebantur,
830 3534 894 3596 et
923 3534 1217 3615 quaestio
1248 3554 1326 3596 ex
1357 3534 1670 3598 ministris
1699 3531 2002 3597 facinoris
2033 3528 2174 3594 foro
2203 3530 2416 3595 medio
