2654 3913
396 218 482 283 36
690 217 906 272 LIBER
942 217 1137 272 XXIV.
1213 217 1365 273 CAP.
1404 224 1489 272 32.
1527 224 1613 272 33.
1688 218 1762 287 [a.
1800 216 1864 271 U.
1904 233 1948 274 c.
1988 218 2115 289 540]

392 361 545 427 vani
602 361 863 445 quidam
916 361 1211 427 homines
1263 360 1480 443 palam
1533 359 1700 424 ferre
1755 360 2033 443 perbene
2090 360 2408 425 detectam

393 450 461 514 in
505 449 841 515 Leontinis
889 471 1028 514 esse
1082 449 1422 514 avaritiam
1476 451 1542 513 et
1595 447 2044 519 crudelitatem,
2085 446 2407 512 Romano·

394 559 557 603 rum.
648 539 895 622 eadem,
961 539 1017 602 si
1080 538 1435 602 intrassent
1498 535 1876 620 Syracusas,
1942 538 2055 599 aut
2117 535 2409 599 foediora

395 628 619 706 etiam,
650 647 775 711 quo
803 626 1011 691 maius
1047 624 1139 689 ibi
1168 624 1477 688 avaritiae
1504 624 1859 707 praemium
1897 625 2092 707 esset,
2117 623 2406 687 facturos

324 726 357 774 2
394 715 611 780 fuisse.
674 715 892 797 itaque
922 710 1302 777 claudendas
1333 713 1545 776 cuncti
1571 716 1795 795 portas
1830 717 1897 777 et
1922 710 2407 777 custodiendam

394 803 615 866 urbem
663 821 934 865 censere.
1014 800 1124 865 sed
1168 821 1299 864 non
1360 801 1440 865 ab
1488 800 1714 865 iisdem
1762 801 1971 866 omnis
2016 800 2246 864 timere
2289 819 2408 862 nec

395 888 651 953 eosdem
715 887 954 973 odisse,
1023 888 1105 953 ad
1168 888 1449 953 militare
1513 909 1715 973 genus
1781 911 1969 955 omne
2030 892 2407 973 partemque

319 988 352 1036 3
393 996 692 1062 magnam
737 976 949 1059 plebis
1003 977 1284 1041 invisum
1331 998 1469 1041 esse
1513 997 1750 1041 nomen
1792 976 2182 1060 Romanum3
2225 997 2407 1060 prae·

392 1069 565 1129 tores
627 1065 1168 1149 optimatiumque
1230 1065 1448 1149 pauci,
1521 1086 1906 1149 quamquam
1967 1066 2180 1129 inflati
2242 1084 2408 1128 vano

391 1153 618 1218 nuntio
664 1157 873 1242 erant,
917 1157 1150 1218 tamen·
1176 1154 1255 1218 ad
1294 1152 1561 1236 propius
1599 1153 2128 1236 praesentiusque
2166 1152 2408 1215 malum

319 1253 355 1300 4
394 1241 710 1307 cautiores
740 1262 898 1306 esse.
962 1245 1028 1306 et
1054 1241 1186 1306 iam
1214 1241 1295 1306 ad
1327 1238 1733 1324 Hexapylum
1760 1244 1949 1305 erant
1973 1240 2405 1323 Hippocrates

393 1332 586 1414 atque
631 1328 982 1414 Epicydes,
1036 1329 1539 1412 serebanturque
1593 1329 1937 1412 conloquia
1994 1348 2108 1411 per
2151 1326 2408 1410 propin-

395 1440 554 1503 quos
618 1418 1056 1503 popularium,
1119 1417 1231 1500 qui
1294 1417 1365 1480 in
1428 1417 1708 1482 exercitu
1772 1420 1987 1501 erant,
2049 1420 2124 1480 ut
2184 1418 2407 1498 portas

395 1507 720 1591 aperirent
774 1507 1182 1589 sinerentque
1237 1526 1641 1570 communem
1695 1506 1979 1589 patriam
2024 1503 2300 1587 defendi,
2325 1502 2407 1567 ab

318 1605 354 1654 ὅ
394 1597 637 1680 impetu
663 1595 1121 1660 Romanorum.
1187 1593 1319 1657 iam
1347 1594 1493 1658 unis
1530 1593 1778 1659 foribus
1805 1593 2130 1678 Hexapyli
2165 1592 2408 1676 apertis

396 1684 608 1767 coepti
662 1686 844 1747 erant
888 1682 1114 1765 recipi,
1170 1702 1314 1745 cum
1368 1684 1701 1762 praetores
1754 1681 2252 1746 intervenerunt.
2345 1683 2408 1743 et

391 1771 603 1854 primo
631 1769 901 1853 imperio
931 1769 1278 1853 minisque,
1317 1767 1544 1833 deinde
1582 1769 1968 1834 auctoritate
2009 1767 2408 1850 deterrend0,

391 1860 745 1942 postrem0,
791 1859 866 1922 ut
912 1858 1128 1922 omnia
1171 1878 1341 1922 vana
1387 1860 1596 1941 erant,
1642 1856 1833 1920 obliti
1869 1855 2228 1921 maiestatis
2265 1875 2407 1938 pre·

395 1945 572 2012 cibus
648 1945 956 2030 agebant,
1017 1967 1099 2012 ne
1170 1944 1517 2029 proderent
1586 1944 1867 2030 patriam
1931 1942 2194 2034 tyranni
2258 1946 2409 2008 ante

318 2045 357 2094 c
397 2035 789 2122 satellitibus
829 2038 895 2099 et
929 2039 1070 2100 tum
1099 2034 1584 2117 corruptoribus
1623 2033 1957 2099 exercitus.
2031 2025 2409 2098 sedsurdae

395 2115 861 2190 αἶ’ὀὲἶῗῐῇᾗῑῖα
907 2145 1092 2189 aures
1139 2124 1498 2188 concitatae
1544 2121 1976 2187 multitudinis
2024 2124 2235 2205 erant,
2288 2141 2409 2185 nec

394 2212 640 2277 minore
667 2213 841 2276 intus
870 2211 936 2276 vi
964 2233 1154 2295 quam
1183 2210 1597 2293 forisfportae
1625 2210 2158 2295 effringebantur,
2187 2208 2406 2274 effrac-

330 2327 333 2332 ·
392 2300 604 2383 tisque
661 2300 958 2364 omnibus
1019 2301 1161 2364 toto
1216 2297 1553 2382 Hexapylo
1618 2318 1851 2383 agmen
1905 2301 2232 2382 receptum
2291 2299 2408 2360 est.

324 2398 355 2446 7
390 2392 721 2470 praetores
779 2387 849 2451 in
905 2386 1345 2451 Achradinam
1405 2407 1548 2449 cum
1609 2386 1943 2451 iuventute
1998 2384 2410 2469 popularium

392 2475 795 2561 confugiunt.
880 2474 1305 2540 mercennarii
1352 2474 1594 2539 milites
1639 2474 2071 2559 perfugaeque
2118 2476 2198 2537 et·
2231 2471 2410 2556 quid-

395 2564 548 2648 quid
590 2564 918 2649 regiorum
965 2564 1250 2628 militum
1286 2559 1620 2647 Syracusis
1658 2567 1799 2628 erat
1846 2583 2077 2648 agmen
2120 2561 2409 2626 hostium

323 2664 357 2713 8
397 2655 652 2738 augent.
742 2652 836 2718 ita
880 2651 1250 2717 Achradina
1296 2672 1549 2736 quoque
1593 2650 1806 2734 primo
1853 2650 2097 2734 impetu
2143 2650 2409 2733 capitur,

393 2746 894 2826 praetorumque
921 2741 1053 2805 nisi
1080 2741 1192 2824 qui
1218 2741 1387 2805 inter
1411 2740 1763 2804 tumultum
1794 2739 2156 2825 effugerunt
2188 2758 2407 2801 omnes

324 2841 356 2887 9
394 2830 885 2895 interficiuntur.
972 2849 1099 2893 nox
1145 2828 1447 2894 caedibus
1508 2828 1698 2892 finem
1743 2827 1913 2891 fecit.
1999 2827 2262 2907 postero
2308 2824 2409 2888 die

396 2918 563 2981 servi
609 2916 690 2980 ad
733 2916 1001 2998 pilleum
1050 2917 1264 2981 vocati
1319 2918 1385 2979 et
1430 2935 1683 2978 carcere
1726 2912 1924 2978 vincti
1969 2912 2214 2996 emissi,
2261 2933 2409 2977 con-

393 3004 663 3087 fusaque
707 3003 870 3068 haec
914 3002 1122 3068 omnis
1159 3002 1510 3067 multitudo
1548 3001 1990 3084 Hippocraten
2028 3003 2221 3084 atque
2256 3001 2411 3084 Epi·

395 3091 600 3175 cyden
618 3095 839 3155 creant
864 3094 1222 3175 praetores3
1253 3086 2134 3173 Syracusae'qffsszunrbreve
2153 3083 2446 3174 tempus

352 3180 660 3262 *libertas
699 3178 1094 3262 adfulsisset,
1138 3178 1210 3242 in
1245 3177 1581 3260 antiquam
1619 3176 1998 3242 servitutem
2033 3178 2410 3243 reciderant.

305 3251 539 3370 V
569 3266 870 3333 XXXIII.
932 3266 1111 3332 Haec
1156 3265 1455 3330 nuntiata
1500 3286 1642 3330 cum
1690 3270 1907 3331 essent
1948 3265 2286 3349 Romanis,
2333 3286 2410 3329 ex

323 3367 357 3415 2
396 3357 725 3422 Leontinis
772 3360 951 3421 mota
996 3358 1147 3420 sunt
1182 3354 1504 3438 extemplo
1541 3355 1753 3419 castra
1791 3354 1871 3419 ad
1910 3352 2270 3438 Syracusas.
2343 3357 2412 3417 et

397 3444 476 3506 ab
524 3445 740 3529 Appio
788 3445 993 3530 legati
1046 3465 1161 3528 per
1204 3446 1468 3527 portum
1515 3442 1700 3508 missi
1754 3442 1924 3507 forte
1977 3441 2045 3505 in
2102 3441 2412 3525 quinque·

396 3531 553 3592 remi
585 3536 785 3596 erant.
844 3533 1204 3615 praemissa
1231 3531 1656 3617 quadriremis
1687 3552 1830 3619 cum
1856 3530 2168 3595 intrasset
2192 3529 2412 3596 fauces
