2654 3913
604 205 820 258 LIBER
854 205 1050 260 XXIV.
1128 204 1278 261 CAP.
1318 212 1402 261 27.
1444 212 1528 260 28.
1608 206 1683 277 [a.
1724 206 1781 263 O.
1821 208 1949 277 214]
2202 209 2282 271 31

267 355 409 414 tum
438 351 708 414 classem
734 349 1000 413 navium
1028 352 1284 413 centum
1314 347 1648 414 Romanus
1677 349 1978 434 habebat,
2008 373 2289 435 quonam

268 439 611 514 evaderent
636 440 853 502 motus
884 459 961 501 ex
990 437 1291 501 caedibus
1320 439 1744 520 tyrannorum
1885 439 1898 451 '
1937 437 2287 524 Syracusis,

268 549 475 612 quove
505 548 614 591 eos
646 528 868 610 ageret
894 547 1064 590 nova
1092 529 1284 608 atque
1313 524 1582 589 insolita
1609 526 1844 590 liberta
1924 528 2283 611 opperiens,

442 613 567 679 Per
613 615 870 680 eosdem
908 613 1044 678 dies
1093 634 1237 677 cum
1286 612 1368 676 ad
1403 612 1783 679 Marcellum
1819 615 2181 679 venientem
2218 617 2287 680 in
2324 628 2354 676 6

269 702 559 768 Siciliam
587 702 789 787 legati
810 698 1196 785 Syracusani
1227 701 1411 765 missi
1439 702 1520 766 ab
1542 701 1758 786 Appio
1788 708 2023 786 essent,
2048 704 2285 768 auditis

269 792 748 856 condicionibus
777 790 954 874 pacis
987 788 1329 854 Marcellus
1358 811 1548 872 posse
1575 811 1711 854 rem
1742 791 2081 856 convenire
2109 795 2289 856 ratus

269 884 335 943 et
378 880 516 962 ipse
562 879 816 962 legatos
856 875 1235 961 Syracusas,
1283 877 1394 961 qui
1440 899 1656 942 coram
1696 899 1842 943 cum
1878 880 2289 962 praetoribus

270 969 346 1031 de
393 967 761 1032 renovando
816 966 1070 1031 foedere
1118 969 1410 1050 agerent,
1456 966 1652 1031 misit.
1743 970 1807 1030 et
1864 967 1994 1030 iam
2040 968 2134 1031 ibi
2180 990 2286 1033 ne·
2326 980 2355 1028 ’1

272 1077 592 1139 quaquam
638 1055 857 1120 eadem
897 1054 1075 1138 quies
1115 1075 1190 1118 ac
1226 1054 1670 1137 tranquillitas
1709 1057 1864 1119 erat.
1936 1055 2291 1139 Postquam

271 1143 583 1207 Punicam
638 1143 912 1208 classem
973 1141 1317 1206 accessisse
1378 1141 1751 1226 Pachynum
1817 1142 2107 1207 adlatum
2173 1147 2290 1228 est,

271 1230 528 1315 dempto
557 1231 788 1296 timore
816 1230 1252 1314 Hippocrates
1284 1232 1350 1293 et
1375 1229 1698 1314 Epicydes
1727 1253 1896 1296 nunc
1930 1232 2099 1315 apud
2129 1254 2291 1296 mer-

272 1319 602 1402 cennarios
642 1319 909 1402 milites,
957 1339 1126 1383 nunc
1163 1317 1329 1401 apud
1366 1319 1739 1404 transfugas
1775 1320 1961 1402 prodi
1999 1321 2289 1384 Romano

272 1406 623 1490 Syracusas
680 1406 1209 1471 criminabantur.
1308 1409 1385 1470 ut
1436 1428 1587 1471 vero
1643 1405 1896 1491 Appius
1956 1429 2153 1472 naves
2211 1408 2291 1471 ad
2328 1420 2361 1469 8

273 1496 515 1560 ostium
558 1499 811 1577 portuS,
869 1515 994 1579 quo
1055 1494 1301 1560 amicae
1356 1495 1559 1579 partis
1621 1493 1991 1559 hominibus
2040 1495 2290 1559 animus

274 1583 628 1666 accederet,
663 1583 732 1646 in
771 1583 1047 1647 statione
1084 1582 1324 1647 habere
1363 1582 1601 1666 coepit,
1637 1582 1869 1667 ingens
1906 1582 1975 1645 in
2012 1583 2291 1666 speciem

202 1690 203 1693 ’
274 1670 648 1735 criminibus
694 1670 878 1736 vanis
926 1675 1283 1735 accesserat
1327 1670 1514 1753 fides3
1566 1692 1641 1735 ac
1684 1670 1895 1753 primo
1944 1671 2140 1735 etiam
2186 1674 2285 1735 tu·
2324 1684 2356 1732 9

273 1760 594 1824 multuose
640 1758 1009 1824 decurrerat
1054 1759 1402 1824 multitudo
1465 1758 1544 1822 ad
1590 1759 2026 1843 prohibendos
2039 1809 2055 1844 ,
2110 1759 2168 1823 si
2225 1760 2294 1823 in

273 1852 512 1912 terram
560 1848 1035 1932 egrederentur.

446 1935 751 2002 XXVIII.
820 1935 897 2000 In
942 1935 1065 2000 hac
1109 1935 1483 2001 turbatione
1539 1956 1752 2000 rerum
1807 1936 1876 2000 in
1924 1937 2289 2003 contionem
2333 1950 2360 1997 1

273 2025 492 2089 vocari
537 2025 796 2107 placuit.
868 2024 982 2088 ubi
1028 2044 1172 2088 cum
1220 2024 1333 2087 alii
1371 2023 1498 2087 alio
1536 2024 1875 2088 tenderent
1910 2046 2028 2089 nec
2065 2028 2292 2107 procul

276 2111 595 2177 seditione
639 2133 742 2176 res
791 2114 988 2194 esset,
1033 2109 1457 2195 Apollonides
1516 2112 1882 2194 principum
1939 2133 2104 2176 unus
2152 2133 2292 2177 ora-

276 2200 519 2264 tionem
567 2199 917 2265 salutarem
955 2201 1029 2262 ut
1063 2199 1132 2263 in
1167 2199 1289 2263 tali
1325 2203 1617 2285 tempore
1653 2199 1909 2265 habuit:
1955 2221 2073 2264 nec
2111 2221 2290 2285 spem
2330 2213 2362 2261 2

275 2289 502 2353 salutis
547 2309 665 2354 nec
709 2288 1058 2372 perniciem
1102 2287 1475 2371 propiorem
1521 2309 1828 2372 umquam
1876 2288 2125 2353 civitati
2174 2290 2292 2354 ulli

274 2376 490 2441 fuisse.
555 2377 611 2442 si
660 2377 829 2442 enim
876 2397 1004 2441 uno
1043 2377 1261 2441 animo
1300 2397 1522 2441 omnes
1564 2377 1667 2441 vel
1707 2378 1786 2441 ad
1822 2375 2153 2442 Romanos
2191 2378 2293 2443 vel
2330 2390 2362 2438 3

276 2466 355 2529 ad
402 2462 972 2548 Carthaginienses
1026 2463 1368 2548 inclinent,
1424 2465 1666 2529 nullius
1713 2466 1994 2530 civitatis
2051 2468 2292 2531 statum

273 2553 764 2617 fortunatiorem
811 2573 884 2616 ac
929 2552 1283 2617 beatiorem
1339 2550 1505 2635 fore3
1563 2553 1617 2617 si
1675 2553 1785 2617 alii
1842 2554 1971 2618 alio
2027 2554 2293 2619 trahant
2329 2566 2364 2614 4

275 2662 408 2723 res,
470 2660 602 2703 non
665 2640 835 2708 inter
887 2639 1136 2704 Poenos
1190 2638 1646 2724 Romanosque
1706 2641 1946 2705 bellum
2014 2642 2292 2707 atrocius

275 2729 413 2794 fore
463 2750 655 2812 quam
702 2728 874 2791 inter
917 2727 1097 2811 ipsos
1135 2723 1597 2812 Syracusanos,
1644 2749 1787 2792 cum
1825 2729 1997 2793 intra
2034 2730 2292 2794 eosdem

275 2837 493 2881 muros
549 2838 703 2900 pars
757 2818 1033 2899 utraque
1089 2836 1239 2879 suos
1296 2815 1642 2899 exercituS,
1708 2838 1823 2880 sua
1880 2837 2085 2902 arma,
2143 2839 2293 2883 suos

275 2905 580 2969 habitura
626 2904 714 2969 sit
770 2905 979 2969 duceS.
1067 2904 1313 2989 itaque,
1359 2907 1433 2968 ut
1484 2903 1656 2968 idem
1712 2925 1935 2970 omnes
1992 2906 2295 2989 sentiant,
2332 2917 2363 2966 ὅ

277 3013 528 3056 summa
563 2993 628 3057 vi
667 2992 986 3077 agendum
1018 3013 1173 3058 esse.
1245 2996 1395 3056 utra
1433 2991 1711 3057 societas
1751 2993 1839 3057 sit
1872 2993 2113 3079 utilior,
2152 3015 2293 3058 eam

275 3081 471 3164 longe
500 3079 810 3145 minorem
839 3102 914 3146 ac
940 3080 1204 3145 levioris
1234 3081 1546 3144 momenti
1567 3082 2104 3146 consultationem
2126 3103 2293 3163 esse;

277 3167 387 3232 sed
446 3169 664 3231 tamen
707 3166 1011 3233 Hieronis
1064 3169 1281 3251 potius
1342 3190 1534 3253 quam
1580 3167 1963 3254 Hieronymi
2020 3165 2292 3232 auctori·
2330 3181 2362 3228 6

275 3259 479 3321 tatem
528 3255 915 3339 sequendam
961 3256 1028 3319 in
1074 3256 1265 3321 sociis
1311 3255 1631 3340 legendiS,
1675 3258 1777 3322 vel
1825 3254 2294 3340 quinquaginta

278 3344 463 3409 annis
524 3343 802 3409 feliciter
866 3348 1193 3426 expertam
1260 3344 1611 3408 amicitiam
1676 3366 1843 3408 nunc
1907 3341 2290 3424 incognitae,

277 3433 593 3515 quondam
639 3431 886 3498 infideli
940 3432 1444 3515 praeferendam.
1535 3452 1674 3496 esse
1729 3430 1922 3494 etiam
1984 3430 2292 3493 momenti
2332 3442 2362 3489 7

276 3519 518 3605 aliquid
565 3521 643 3586 ad
693 3520 1058 3606 consilium,
1115 3520 1284 3605 quod
1332 3517 1976 3603 Carthaginiensibus
2023 3517 2118 3580 ita
2163 3539 2291 3600 pax
