<?xml version="1.0" encoding="UTF-8"?>
<!DOCTYPE html PUBLIC "-//W3C//DTD XHTML 1.0 Transitional//EN"
    "http://www.w3.org/TR/xhtml1/DTD/xhtml1-transitional.dtd">
<html xmlns="http://www.w3.org/1999/xhtml" xml:lang="en" lang="en">
 <head>
  <title>
</title>
<meta http-equiv="Content-Type" content="text/html;charset=utf-8" />
  <meta name='ocr-system' content='tesseract 3.04.00' />
  <meta name='ocr-capabilities' content='ocr_page ocr_carea ocr_par ocr_line ocrx_word'/>
</head>
<body>
  <div class='ocr_page' id='page_1' title='image "./aburbeconditali16livygoog_0035.png"; bbox 0 0 2654 3913; ppageno 0'>
   <div class='ocr_carea' id='block_1_1' title="bbox 559 249 2244 322">
    <p class='ocr_par' dir='ltr' id='par_1_1' title="bbox 559 249 2244 322">
     <span class='ocr_line' id='line_1_1' title="bbox 559 249 2244 322; baseline 0.002 -20"><span class='ocrx_word' id='word_1_1' title='bbox 559 249 776 304; x_wconf 80' lang='lat' dir='ltr'>LIBER</span> <span class='ocrx_word' id='word_1_2' title='bbox 809 249 1002 305; x_wconf 80' lang='lat' dir='ltr'>xxsv.</span> <span class='ocrx_word' id='word_1_3' title='bbox 1080 249 1232 304; x_wconf 81' lang='lat' dir='ltr'>CAP.</span> <span class='ocrx_word' id='word_1_4' title='bbox 1271 257 1357 305; x_wconf 85' lang='lat'>23.</span> <span class='ocrx_word' id='word_1_5' title='bbox 1397 256 1480 305; x_wconf 83' lang='lat'>24.</span> <span class='ocrx_word' id='word_1_6' title='bbox 1558 251 1631 322; x_wconf 79' lang='lat' dir='ltr'>[a.</span> <span class='ocrx_word' id='word_1_7' title='bbox 1674 250 1731 307; x_wconf 80' lang='lat' dir='ltr'>o,</span> <span class='ocrx_word' id='word_1_8' title='bbox 1772 253 1900 322; x_wconf 83' lang='lat'>214]</span> <span class='ocrx_word' id='word_1_9' title='bbox 2157 251 2244 315; x_wconf 78' lang='lat'>27</span> 
     </span>
    </p>
   </div>
   <div class='ocr_carea' id='block_1_2' title="bbox 144 394 2355 3646">
    <p class='ocr_par' dir='ltr' id='par_1_2' title="bbox 144 394 2355 1868">
     <span class='ocr_line' id='line_1_2' title="bbox 223 394 2316 480; baseline -0.002 -20"><span class='ocrx_word' id='word_1_10' title='bbox 223 395 498 480; x_wconf 89' lang='lat' dir='ltr'>imperio</span> <span class='ocrx_word' id='word_1_11' title='bbox 545 394 708 478; x_wconf 79' lang='lat' dir='ltr'>eiuS,</span> <span class='ocrx_word' id='word_1_12' title='bbox 755 395 932 459; x_wconf 90' lang='lat' dir='ltr'>cuius</span> <span class='ocrx_word' id='word_1_13' title='bbox 978 395 1327 478; x_wconf 90' lang='lat' dir='ltr'>imperator</span> <span class='ocrx_word' id='word_1_14' title='bbox 1373 417 1525 459; x_wconf 91' lang='lat' dir='ltr'>suus</span> <span class='ocrx_word' id='word_1_15' title='bbox 1571 395 1868 461; x_wconf 82' lang='lat' dir='ltr'>voluerit.</span> <span class='ocrx_word' id='word_1_16' title='bbox 1948 396 2117 460; x_wconf 87' lang='lat' dir='ltr'>velle</span> <span class='ocrx_word' id='word_1_17' title='bbox 2164 396 2245 461; x_wconf 90' lang='lat' dir='ltr'>ad</span> <span class='ocrx_word' id='word_1_18' title='bbox 2281 407 2316 456; x_wconf 87' lang='lat'>8</span> 
     </span>
     <span class='ocr_line' id='line_1_3' title="bbox 224 481 2247 568; baseline 0 -22"><span class='ocrx_word' id='word_1_19' title='bbox 224 481 658 547; x_wconf 90' lang='lat' dir='ltr'>Hannibalem</span> <span class='ocrx_word' id='word_1_20' title='bbox 701 483 937 568; x_wconf 83' lang='lat' dir='ltr'>redire3</span> <span class='ocrx_word' id='word_1_21' title='bbox 994 490 1303 566; x_wconf 88' lang='lat' dir='ltr'>ceterum,</span> <span class='ocrx_word' id='word_1_22' title='bbox 1361 505 1506 547; x_wconf 91' lang='lat' dir='ltr'>cum</span> <span class='ocrx_word' id='word_1_23' title='bbox 1550 482 1677 547; x_wconf 90' lang='lat' dir='ltr'>iter</span> <span class='ocrx_word' id='word_1_24' title='bbox 1721 486 1934 548; x_wconf 90' lang='lat' dir='ltr'>tutum</span> <span class='ocrx_word' id='word_1_25' title='bbox 1979 505 2114 548; x_wconf 95' lang='lat' dir='ltr'>non</span> <span class='ocrx_word' id='word_1_26' title='bbox 2160 484 2247 548; x_wconf 91' lang='lat' dir='ltr'>sit</span> 
     </span>
     <span class='ocr_line' id='line_1_4' title="bbox 227 567 2248 655; baseline 0 -21"><span class='ocrx_word' id='word_1_27' title='bbox 227 571 615 655; x_wconf 79' lang='lat' dir='ltr'>vagantibus</span> <span class='ocrx_word' id='word_1_28' title='bbox 644 571 888 653; x_wconf 89' lang='lat' dir='ltr'>passim</span> <span class='ocrx_word' id='word_1_29' title='bbox 929 593 1045 653; x_wconf 89' lang='lat' dir='ltr'>per</span> <span class='ocrx_word' id='word_1_30' title='bbox 1080 574 1288 636; x_wconf 88' lang='lat' dir='ltr'>totam</span> <span class='ocrx_word' id='word_1_31' title='bbox 1317 567 1607 635; x_wconf 83' lang='lat' dir='ltr'>Siciliam</span> <span class='ocrx_word' id='word_1_32' title='bbox 1634 571 1973 654; x_wconf 83' lang='lat' dir='ltr'>Romame,</span> <span class='ocrx_word' id='word_1_33' title='bbox 2007 576 2248 655; x_wconf 90' lang='lat' dir='ltr'>petere,</span> 
     </span>
     <span class='ocr_line' id='line_1_5' title="bbox 227 658 2246 743; baseline 0.001 -20"><span class='ocrx_word' id='word_1_34' title='bbox 227 663 301 723; x_wconf 90' lang='lat' dir='ltr'>ut</span> <span class='ocrx_word' id='word_1_35' title='bbox 343 658 649 742; x_wconf 91' lang='lat' dir='ltr'>praesidii</span> <span class='ocrx_word' id='word_1_36' title='bbox 698 659 851 722; x_wconf 88' lang='lat' dir='ltr'>dent</span> <span class='ocrx_word' id='word_1_37' title='bbox 897 659 1164 743; x_wconf 90' lang='lat' dir='ltr'>aliquid,</span> <span class='ocrx_word' id='word_1_38' title='bbox 1221 681 1348 743; x_wconf 90' lang='lat' dir='ltr'>quo</span> <span class='ocrx_word' id='word_1_39' title='bbox 1393 658 1633 723; x_wconf 90' lang='lat' dir='ltr'>Locros</span> <span class='ocrx_word' id='word_1_40' title='bbox 1689 659 1758 723; x_wconf 92' lang='lat' dir='ltr'>in</span> <span class='ocrx_word' id='word_1_41' title='bbox 1801 659 2061 723; x_wconf 88' lang='lat' dir='ltr'>Italiam</span> <span class='ocrx_word' id='word_1_42' title='bbox 2108 681 2246 741; x_wconf 90' lang='lat' dir='ltr'>per·</span> 
     </span>
     <span class='ocr_line' id='line_1_6' title="bbox 227 746 2247 831; baseline 0.001 -21"><span class='ocrx_word' id='word_1_43' title='bbox 227 746 558 812; x_wconf 77' lang='lat' dir='ltr'><strong>ducantur.</strong></span> <span class='ocrx_word' id='word_1_44' title='bbox 618 747 902 829; x_wconf 76' lang='lat' dir='ltr'>gratiam</span> <span class='ocrx_word' id='word_1_45' title='bbox 928 766 1236 830; x_wconf 90' lang='lat' dir='ltr'>magnam</span> <span class='ocrx_word' id='word_1_46' title='bbox 1275 768 1383 810; x_wconf 90' lang='lat' dir='ltr'>eos</span> <span class='ocrx_word' id='word_1_47' title='bbox 1421 769 1623 829; x_wconf 84' lang='lat' dir='ltr'>parva</span> <span class='ocrx_word' id='word_1_48' title='bbox 1651 769 1847 829; x_wconf 87' lang='lat' dir='ltr'>opera</span> <span class='ocrx_word' id='word_1_49' title='bbox 1874 747 2044 831; x_wconf 89' lang='lat' dir='ltr'>apud</span> <span class='ocrx_word' id='word_1_50' title='bbox 2071 746 2247 812; x_wconf 92' lang='lat' dir='ltr'>Han·</span> 
     </span>
     <span class='ocr_line' id='line_1_7' title="bbox 226 834 2317 920; baseline -0.002 -22"><span class='ocrx_word' id='word_1_51' title='bbox 226 835 515 900; x_wconf 90' lang='lat' dir='ltr'>nibalem</span> <span class='ocrx_word' id='word_1_52' title='bbox 541 835 835 899; x_wconf 77' lang='lat' dir='ltr'>inituros,</span> <span class='ocrx_word' id='word_1_53' title='bbox 887 834 1079 899; x_wconf 87' lang='lat' dir='ltr'>facile</span> <span class='ocrx_word' id='word_1_54' title='bbox 1108 856 1211 899; x_wconf 91' lang='lat' dir='ltr'>res</span> <span class='ocrx_word' id='word_1_55' title='bbox 1240 834 1617 920; x_wconf 83' lang='lat' dir='ltr'>impetrata3</span> <span class='ocrx_word' id='word_1_56' title='bbox 1647 835 1827 899; x_wconf 87' lang='lat' dir='ltr'>abire</span> <span class='ocrx_word' id='word_1_57' title='bbox 1856 836 2027 899; x_wconf 89' lang='lat' dir='ltr'>enim</span> <span class='ocrx_word' id='word_1_58' title='bbox 2056 835 2245 900; x_wconf 90' lang='lat' dir='ltr'>duces</span> <span class='ocrx_word' id='word_1_59' title='bbox 2282 847 2317 894; x_wconf 83' lang='lat'>9</span> 
     </span>
     <span class='ocr_line' id='line_1_8' title="bbox 226 922 2247 1007; baseline 0 -21"><span class='ocrx_word' id='word_1_60' title='bbox 226 923 443 1006; x_wconf 89' lang='lat' dir='ltr'>regios</span> <span class='ocrx_word' id='word_1_61' title='bbox 491 944 637 987; x_wconf 90' lang='lat' dir='ltr'>cum</span> <span class='ocrx_word' id='word_1_62' title='bbox 683 922 923 1005; x_wconf 90' lang='lat' dir='ltr'>peritos</span> <span class='ocrx_word' id='word_1_63' title='bbox 960 923 1238 986; x_wconf 90' lang='lat' dir='ltr'>militiae</span> <span class='ocrx_word' id='word_1_64' title='bbox 1273 927 1415 986; x_wconf 93' lang='lat' dir='ltr'>tum</span> <span class='ocrx_word' id='word_1_65' title='bbox 1453 928 1712 1006; x_wconf 76' lang='lat' dir='ltr'>egentes</span> <span class='ocrx_word' id='word_1_66' title='bbox 1752 923 2007 989; x_wconf 91' lang='lat' dir='ltr'>eosdem</span> <span class='ocrx_word' id='word_1_67' title='bbox 2054 928 2247 1007; x_wconf 78' lang='lat' dir='ltr'>atque</span> 
     </span>
     <span class='ocr_line' id='line_1_9' title="bbox 229 1010 2262 1112; baseline 0.001 -38"><span class='ocrx_word' id='word_1_68' title='bbox 229 1011 502 1112; x_wconf 76' lang='lat' dir='ltr'>audaces</span> <span class='ocrx_word' id='word_1_69' title='bbox 532 1010 891 1095; x_wconf 89' lang='lat' dir='ltr'>cupiebant.</span> <span class='ocrx_word' id='word_1_70' title='bbox 966 1011 1079 1075; x_wconf 91' lang='lat' dir='ltr'>sed</span> <span class='ocrx_word' id='word_1_71' title='bbox 1117 1012 1287 1094; x_wconf 90' lang='lat' dir='ltr'>quod</span> <span class='ocrx_word' id='word_1_72' title='bbox 1324 1011 1656 1096; x_wconf 85' lang='lat' dir='ltr'>volebant,</span> <span class='ocrx_word' id='word_1_73' title='bbox 1691 1034 1849 1096; x_wconf 92' lang='lat' dir='ltr'>non,</span> <span class='ocrx_word' id='word_1_74' title='bbox 1888 1035 1971 1096; x_wconf 92' lang='lat' dir='ltr'>qu</span> <span class='ocrx_word' id='word_1_75' title='bbox 2225 1034 2262 1059; x_wconf 76' lang='lat'>·⁴</span> 
     </span>
     <span class='ocr_line' id='line_1_10' title="bbox 158 1057 2355 1182; baseline -0.003 -19"><span class='ocrx_word' id='word_1_76' title='bbox 158 1144 161 1147; x_wconf 94' lang='lat'>-</span> <span class='ocrx_word' id='word_1_77' title='bbox 484 1120 644 1182; x_wconf 92' lang='lat' dir='ltr'>opus</span> <span class='ocrx_word' id='word_1_78' title='bbox 683 1101 863 1180; x_wconf 73' lang='lat' dir='ltr'>erat,</span> <span class='ocrx_word' id='word_1_79' title='bbox 881 1099 1136 1180; x_wconf 63' lang='lat' dir='ltr'>nagiter</span> <span class='ocrx_word' id='word_1_80' title='bbox 1174 1098 1618 1180; x_wconf 74' lang='lat' dir='ltr'>expediebant.</span> <span class='ocrx_word' id='word_1_81' title='bbox 1689 1100 1949 1164; x_wconf 85' lang='lat' dir='ltr'>interim</span> <span class='ocrx_word' id='word_1_82' title='bbox 1984 1057 2248 1169; x_wconf 52' lang='lat' dir='ltr'>iuvene}</span> <span class='ocrx_word' id='word_1_83' title='bbox 2289 1108 2355 1158; x_wconf 87' lang='lat'>10</span> 
     </span>
     <span class='ocr_line' id='line_1_11' title="bbox 228 1184 2248 1272; baseline 0.001 -22"><span class='ocrx_word' id='word_1_84' title='bbox 228 1187 545 1252; x_wconf 88' lang='lat' dir='ltr'>militares</span> <span class='ocrx_word' id='word_1_85' title='bbox 608 1190 672 1251; x_wconf 91' lang='lat' dir='ltr'>et</span> <span class='ocrx_word' id='word_1_86' title='bbox 732 1184 983 1251; x_wconf 92' lang='lat' dir='ltr'>adsueti</span> <span class='ocrx_word' id='word_1_87' title='bbox 1043 1187 1389 1271; x_wconf 85' lang='lat' dir='ltr'>militibus,</span> <span class='ocrx_word' id='word_1_88' title='bbox 1447 1209 1619 1252; x_wconf 90' lang='lat' dir='ltr'>nunc</span> <span class='ocrx_word' id='word_1_89' title='bbox 1674 1188 1842 1272; x_wconf 90' lang='lat' dir='ltr'>apud</span> <span class='ocrx_word' id='word_1_90' title='bbox 1888 1210 1998 1254; x_wconf 89' lang='lat' dir='ltr'>eos</span> <span class='ocrx_word' id='word_1_91' title='bbox 2052 1189 2248 1272; x_wconf 78' lang='lat' dir='ltr'>ipsOS,</span> 
     </span>
     <span class='ocr_line' id='line_1_12' title="bbox 227 1274 2247 1361; baseline 0.001 -23"><span class='ocrx_word' id='word_1_92' title='bbox 227 1296 396 1340; x_wconf 88' lang='lat' dir='ltr'>nune</span> <span class='ocrx_word' id='word_1_93' title='bbox 443 1275 612 1358; x_wconf 88' lang='lat' dir='ltr'>apud</span> <span class='ocrx_word' id='word_1_94' title='bbox 656 1274 1056 1360; x_wconf 73' lang='lat' dir='ltr'>transfugae,</span> <span class='ocrx_word' id='word_1_95' title='bbox 1105 1296 1374 1358; x_wconf 89' lang='lat' dir='ltr'>quorum</span> <span class='ocrx_word' id='word_1_96' title='bbox 1420 1276 1703 1340; x_wconf 86' lang='lat' dir='ltr'>maxima</span> <span class='ocrx_word' id='word_1_97' title='bbox 1740 1298 1891 1361; x_wconf 89' lang='lat' dir='ltr'>pars</span> <span class='ocrx_word' id='word_1_98' title='bbox 1929 1298 2006 1341; x_wconf 87' lang='lat' dir='ltr'>ex</span> <span class='ocrx_word' id='word_1_99' title='bbox 2050 1298 2247 1340; x_wconf 84' lang='lat' dir='ltr'>nava·</span> 
     </span>
     <span class='ocr_line' id='line_1_13' title="bbox 144 1362 2249 1448; baseline 0.001 -22"><span class='ocrx_word' id='word_1_100' title='bbox 144 1377 151 1384; x_wconf 84' lang='lat'>·</span> <span class='ocrx_word' id='word_1_101' title='bbox 228 1363 399 1427; x_wconf 81' lang='lat' dir='ltr'>libus</span> <span class='ocrx_word' id='word_1_102' title='bbox 437 1362 627 1428; x_wconf 90' lang='lat' dir='ltr'>sociis</span> <span class='ocrx_word' id='word_1_103' title='bbox 655 1363 1099 1428; x_wconf 89' lang='lat' dir='ltr'>Romanorum</span> <span class='ocrx_word' id='word_1_104' title='bbox 1137 1368 1301 1447; x_wconf 88' lang='lat' dir='ltr'>erat,</span> <span class='ocrx_word' id='word_1_105' title='bbox 1337 1385 1507 1429; x_wconf 90' lang='lat' dir='ltr'>nunc</span> <span class='ocrx_word' id='word_1_106' title='bbox 1545 1365 1743 1430; x_wconf 91' lang='lat' dir='ltr'>etiam</span> <span class='ocrx_word' id='word_1_107' title='bbox 1782 1365 1952 1448; x_wconf 91' lang='lat' dir='ltr'>apud</span> <span class='ocrx_word' id='word_1_108' title='bbox 1988 1364 2249 1429; x_wconf 90' lang='lat' dir='ltr'>infimae</span> 
     </span>
     <span class='ocr_line' id='line_1_14' title="bbox 228 1451 2248 1533; baseline 0 -19"><span class='ocrx_word' id='word_1_109' title='bbox 228 1451 440 1533; x_wconf 89' lang='lat' dir='ltr'>plebis</span> <span class='ocrx_word' id='word_1_110' title='bbox 475 1451 771 1515; x_wconf 90' lang='lat' dir='ltr'>homines</span> <span class='ocrx_word' id='word_1_111' title='bbox 808 1451 1080 1516; x_wconf 89' lang='lat' dir='ltr'>crimina</span> <span class='ocrx_word' id='word_1_112' title='bbox 1108 1452 1413 1517; x_wconf 84' lang='lat' dir='ltr'>serebant</span> <span class='ocrx_word' id='word_1_113' title='bbox 1447 1452 1516 1516; x_wconf 90' lang='lat' dir='ltr'>in</span> <span class='ocrx_word' id='word_1_114' title='bbox 1543 1456 1839 1517; x_wconf 90' lang='lat' dir='ltr'>senatum</span> <span class='ocrx_word' id='word_1_115' title='bbox 1875 1452 2248 1533; x_wconf 90' lang='lat' dir='ltr'>optimates·</span> 
     </span>
     <span class='ocr_line' id='line_1_15' title="bbox 232 1537 2351 1624; baseline -0.002 -21"><span class='ocrx_word' id='word_1_116' title='bbox 232 1560 385 1622; x_wconf 89' lang='lat' dir='ltr'>que:</span> <span class='ocrx_word' id='word_1_117' title='bbox 445 1538 511 1602; x_wconf 91' lang='lat' dir='ltr'>id</span> <span class='ocrx_word' id='word_1_118' title='bbox 556 1538 774 1602; x_wconf 91' lang='lat' dir='ltr'>moliri</span> <span class='ocrx_word' id='word_1_119' title='bbox 819 1539 986 1602; x_wconf 90' lang='lat' dir='ltr'>clam</span> <span class='ocrx_word' id='word_1_120' title='bbox 1040 1561 1146 1604; x_wconf 91' lang='lat' dir='ltr'>eos</span> <span class='ocrx_word' id='word_1_121' title='bbox 1205 1543 1395 1623; x_wconf 89' lang='lat' dir='ltr'>atque</span> <span class='ocrx_word' id='word_1_122' title='bbox 1445 1543 1718 1624; x_wconf 90' lang='lat' dir='ltr'>struere,</span> <span class='ocrx_word' id='word_1_123' title='bbox 1773 1544 1847 1604; x_wconf 92' lang='lat' dir='ltr'>ut</span> <span class='ocrx_word' id='word_1_124' title='bbox 1891 1537 2245 1622; x_wconf 81' lang='lat' dir='ltr'>Syracusae</span> <span class='ocrx_word' id='word_1_125' title='bbox 2287 1550 2351 1598; x_wconf 88' lang='lat'>11</span> 
     </span>
     <span class='ocr_line' id='line_1_16' title="bbox 230 1625 2250 1710; baseline 0.001 -20"><span class='ocrx_word' id='word_1_126' title='bbox 230 1648 349 1710; x_wconf 89' lang='lat' dir='ltr'>per</span> <span class='ocrx_word' id='word_1_127' title='bbox 395 1625 675 1710; x_wconf 88' lang='lat' dir='ltr'>speciem</span> <span class='ocrx_word' id='word_1_128' title='bbox 718 1627 1172 1692; x_wconf 84' lang='lat' dir='ltr'>reconciliatae</span> <span class='ocrx_word' id='word_1_129' title='bbox 1219 1628 1551 1693; x_wconf 91' lang='lat' dir='ltr'>societatis</span> <span class='ocrx_word' id='word_1_130' title='bbox 1604 1627 1674 1693; x_wconf 92' lang='lat' dir='ltr'>in</span> <span class='ocrx_word' id='word_1_131' title='bbox 1720 1627 1968 1693; x_wconf 90' lang='lat' dir='ltr'>dicione</span> <span class='ocrx_word' id='word_1_132' title='bbox 2013 1627 2250 1692; x_wconf 87' lang='lat' dir='ltr'>Roma·</span> 
     </span>
     <span class='ocr_line' id='line_1_17' title="bbox 231 1714 2249 1799; baseline 0.001 -22"><span class='ocrx_word' id='word_1_133' title='bbox 231 1735 463 1779; x_wconf 91' lang='lat' dir='ltr'>norum</span> <span class='ocrx_word' id='word_1_134' title='bbox 510 1714 667 1798; x_wconf 88' lang='lat' dir='ltr'>sint,</span> <span class='ocrx_word' id='word_1_135' title='bbox 713 1714 859 1779; x_wconf 91' lang='lat' dir='ltr'>dein</span> <span class='ocrx_word' id='word_1_136' title='bbox 903 1715 1103 1780; x_wconf 89' lang='lat' dir='ltr'>factio</span> <span class='ocrx_word' id='word_1_137' title='bbox 1152 1737 1226 1780; x_wconf 88' lang='lat' dir='ltr'>ac</span> <span class='ocrx_word' id='word_1_138' title='bbox 1270 1717 1462 1799; x_wconf 84' lang='lat' dir='ltr'>pauci</span> <span class='ocrx_word' id='word_1_139' title='bbox 1510 1721 1804 1781; x_wconf 86' lang='lat' dir='ltr'>auctores</span> <span class='ocrx_word' id='word_1_140' title='bbox 1842 1715 2117 1780; x_wconf 89' lang='lat' dir='ltr'>foederis</span> <span class='ocrx_word' id='word_1_141' title='bbox 2154 1737 2249 1780; x_wconf 91' lang='lat' dir='ltr'>re-</span> 
     </span>
     <span class='ocr_line' id='line_1_18' title="bbox 231 1802 927 1868; baseline 0.001 -3"><span class='ocrx_word' id='word_1_142' title='bbox 231 1802 453 1868; x_wconf 87' lang='lat' dir='ltr'>novati</span> <span class='ocrx_word' id='word_1_143' title='bbox 499 1802 927 1867; x_wconf 87' lang='lat' dir='ltr'>dominentur.</span> 
     </span>
    </p>

    <p class='ocr_par' dir='ltr' id='par_1_3' title="bbox 231 1889 2324 3646">
     <span class='ocr_line' id='line_1_19' title="bbox 406 1889 2318 1977; baseline -0.001 -23"><span class='ocrx_word' id='word_1_144' title='bbox 406 1889 645 1958; x_wconf 90' lang='lat' dir='ltr'>XXIV.</span> <span class='ocrx_word' id='word_1_145' title='bbox 686 1889 809 1956; x_wconf 89' lang='lat' dir='ltr'>His</span> <span class='ocrx_word' id='word_1_146' title='bbox 839 1890 1170 1955; x_wconf 91' lang='lat' dir='ltr'>audiendis</span> <span class='ocrx_word' id='word_1_147' title='bbox 1199 1892 1655 1977; x_wconf 88' lang='lat' dir='ltr'>credendisque</span> <span class='ocrx_word' id='word_1_148' title='bbox 1695 1896 2061 1977; x_wconf 92' lang='lat' dir='ltr'>opportuna</span> <span class='ocrx_word' id='word_1_149' title='bbox 2087 1893 2250 1958; x_wconf 90' lang='lat' dir='ltr'>mul·</span> <span class='ocrx_word' id='word_1_150' title='bbox 2289 1906 2318 1953; x_wconf 89' lang='lat'>1</span> 
     </span>
     <span class='ocr_line' id='line_1_20' title="bbox 231 1979 2250 2065; baseline 0.001 -23"><span class='ocrx_word' id='word_1_151' title='bbox 231 1979 443 2043; x_wconf 91' lang='lat' dir='ltr'>titudo</span> <span class='ocrx_word' id='word_1_152' title='bbox 482 1980 689 2043; x_wconf 91' lang='lat' dir='ltr'>maior</span> <span class='ocrx_word' id='word_1_153' title='bbox 722 1981 792 2044; x_wconf 93' lang='lat' dir='ltr'>in</span> <span class='ocrx_word' id='word_1_154' title='bbox 828 1979 963 2043; x_wconf 90' lang='lat' dir='ltr'>dies</span> <span class='ocrx_word' id='word_1_155' title='bbox 1002 1979 1350 2063; x_wconf 83' lang='lat' dir='ltr'>Syracusas</span> <span class='ocrx_word' id='word_1_156' title='bbox 1388 1981 1779 2064; x_wconf 88' lang='lat' dir='ltr'>confluebat,</span> <span class='ocrx_word' id='word_1_157' title='bbox 1820 2003 1938 2045; x_wconf 92' lang='lat' dir='ltr'>nec</span> <span class='ocrx_word' id='word_1_158' title='bbox 1975 1982 2250 2065; x_wconf 82' lang='lat' dir='ltr'>Epicydi</span> 
     </span>
     <span class='ocr_line' id='line_1_21' title="bbox 234 2067 2247 2153; baseline 0 -22"><span class='ocrx_word' id='word_1_159' title='bbox 234 2068 448 2131; x_wconf 89' lang='lat' dir='ltr'>solum</span> <span class='ocrx_word' id='word_1_160' title='bbox 487 2088 667 2149; x_wconf 90' lang='lat' dir='ltr'>spem</span> <span class='ocrx_word' id='word_1_161' title='bbox 701 2067 1144 2132; x_wconf 86' lang='lat' dir='ltr'>novandarum</span> <span class='ocrx_word' id='word_1_162' title='bbox 1179 2090 1419 2153; x_wconf 91' lang='lat' dir='ltr'>rerum,</span> <span class='ocrx_word' id='word_1_163' title='bbox 1458 2069 1569 2133; x_wconf 90' lang='lat' dir='ltr'>sed</span> <span class='ocrx_word' id='word_1_164' title='bbox 1596 2069 2019 2133; x_wconf 90' lang='lat' dir='ltr'>Adranodoro</span> <span class='ocrx_word' id='word_1_165' title='bbox 2049 2069 2247 2132; x_wconf 90' lang='lat' dir='ltr'>etiam</span> 
     </span>
     <span class='ocr_line' id='line_1_22' title="bbox 233 2154 2317 2238; baseline -0 -21"><span class='ocrx_word' id='word_1_166' title='bbox 233 2154 607 2237; x_wconf 90' lang='lat' dir='ltr'>praebebat.</span> <span class='ocrx_word' id='word_1_167' title='bbox 677 2156 787 2238; x_wconf 90' lang='lat' dir='ltr'>qui</span> <span class='ocrx_word' id='word_1_168' title='bbox 821 2155 1027 2219; x_wconf 89' lang='lat' dir='ltr'>fessus</span> <span class='ocrx_word' id='word_1_169' title='bbox 1063 2154 1325 2221; x_wconf 90' lang='lat' dir='ltr'>tandem</span> <span class='ocrx_word' id='word_1_170' title='bbox 1358 2157 1579 2221; x_wconf 85' lang='lat' dir='ltr'>uxoris</span> <span class='ocrx_word' id='word_1_171' title='bbox 1607 2157 1874 2222; x_wconf 83' lang='lat' dir='ltr'>vocibus</span> <span class='ocrx_word' id='word_1_172' title='bbox 1922 2157 2245 2221; x_wconf 90' lang='lat' dir='ltr'>monentis</span> <span class='ocrx_word' id='word_1_173' title='bbox 2284 2168 2317 2216; x_wconf 82' lang='lat'>2</span> 
     </span>
     <span class='ocr_line' id='line_1_23' title="bbox 234 2241 2250 2329; baseline 0.001 -23"><span class='ocrx_word' id='word_1_174' title='bbox 234 2264 407 2307; x_wconf 90' lang='lat' dir='ltr'>nunc</span> <span class='ocrx_word' id='word_1_175' title='bbox 459 2241 626 2328; x_wconf 80' lang='lat' dir='ltr'>illud</span> <span class='ocrx_word' id='word_1_176' title='bbox 680 2265 818 2308; x_wconf 89' lang='lat' dir='ltr'>esse</span> <span class='ocrx_word' id='word_1_177' title='bbox 872 2246 1127 2326; x_wconf 90' lang='lat' dir='ltr'>tempus</span> <span class='ocrx_word' id='word_1_178' title='bbox 1184 2245 1537 2326; x_wconf 86' lang='lat' dir='ltr'>occupandi</span> <span class='ocrx_word' id='word_1_179' title='bbox 1589 2266 1721 2329; x_wconf 92' lang='lat' dir='ltr'>res,</span> <span class='ocrx_word' id='word_1_180' title='bbox 1778 2244 1928 2308; x_wconf 91' lang='lat' dir='ltr'>dum</span> <span class='ocrx_word' id='word_1_181' title='bbox 1982 2244 2250 2308; x_wconf 88' lang='lat' dir='ltr'>turbata</span> 
     </span>
     <span class='ocr_line' id='line_1_24' title="bbox 235 2331 2248 2417; baseline 0.001 -23"><span class='ocrx_word' id='word_1_182' title='bbox 235 2331 458 2395; x_wconf 90' lang='lat' dir='ltr'>omnia</span> <span class='ocrx_word' id='word_1_183' title='bbox 482 2352 653 2397; x_wconf 84' lang='lat' dir='ltr'>nova</span> <span class='ocrx_word' id='word_1_184' title='bbox 680 2336 871 2415; x_wconf 88' lang='lat' dir='ltr'>atque</span> <span class='ocrx_word' id='word_1_185' title='bbox 901 2331 1231 2396; x_wconf 92' lang='lat' dir='ltr'>incondita</span> <span class='ocrx_word' id='word_1_186' title='bbox 1257 2332 1561 2397; x_wconf 89' lang='lat' dir='ltr'>libertate</span> <span class='ocrx_word' id='word_1_187' title='bbox 1592 2337 1830 2417; x_wconf 81' lang='lat' dir='ltr'>essent,</span> <span class='ocrx_word' id='word_1_188' title='bbox 1869 2332 2019 2396; x_wconf 91' lang='lat' dir='ltr'>dum</span> <span class='ocrx_word' id='word_1_189' title='bbox 2048 2333 2248 2417; x_wconf 91' lang='lat' dir='ltr'>regiis</span> 
     </span>
     <span class='ocr_line' id='line_1_25' title="bbox 235 2418 2250 2502; baseline 0 -19"><span class='ocrx_word' id='word_1_190' title='bbox 235 2418 573 2501; x_wconf 90' lang='lat' dir='ltr'>stipendiis</span> <span class='ocrx_word' id='word_1_191' title='bbox 619 2423 846 2502; x_wconf 89' lang='lat' dir='ltr'>pastus</span> <span class='ocrx_word' id='word_1_192' title='bbox 895 2420 1347 2485; x_wconf 84' lang='lat' dir='ltr'>obversaretur</span> <span class='ocrx_word' id='word_1_193' title='bbox 1392 2421 1607 2502; x_wconf 92' lang='lat' dir='ltr'>miles,</span> <span class='ocrx_word' id='word_1_194' title='bbox 1666 2421 1817 2485; x_wconf 91' lang='lat' dir='ltr'>dum</span> <span class='ocrx_word' id='word_1_195' title='bbox 1877 2421 1958 2485; x_wconf 93' lang='lat' dir='ltr'>ab</span> <span class='ocrx_word' id='word_1_196' title='bbox 2004 2419 2250 2485; x_wconf 90' lang='lat' dir='ltr'>Hanni·</span> 
     </span>
     <span class='ocr_line' id='line_1_26' title="bbox 234 2507 2252 2591; baseline 0.002 -21"><span class='ocrx_word' id='word_1_197' title='bbox 234 2507 384 2570; x_wconf 91' lang='lat' dir='ltr'>bale</span> <span class='ocrx_word' id='word_1_198' title='bbox 431 2507 615 2571; x_wconf 90' lang='lat' dir='ltr'>missi</span> <span class='ocrx_word' id='word_1_199' title='bbox 661 2507 850 2571; x_wconf 86' lang='lat' dir='ltr'>duces</span> <span class='ocrx_word' id='word_1_200' title='bbox 898 2508 1146 2572; x_wconf 90' lang='lat' dir='ltr'>adsueti</span> <span class='ocrx_word' id='word_1_201' title='bbox 1192 2507 1509 2573; x_wconf 90' lang='lat' dir='ltr'>militibus</span> <span class='ocrx_word' id='word_1_202' title='bbox 1564 2510 1785 2574; x_wconf 87' lang='lat' dir='ltr'>iuvare</span> <span class='ocrx_word' id='word_1_203' title='bbox 1843 2513 2112 2591; x_wconf 90' lang='lat' dir='ltr'>possent</span> <span class='ocrx_word' id='word_1_204' title='bbox 2156 2510 2252 2574; x_wconf 93' lang='lat' dir='ltr'>in·</span> 
     </span>
     <span class='ocr_line' id='line_1_27' title="bbox 234 2594 2251 2679; baseline 0 -21"><span class='ocrx_word' id='word_1_205' title='bbox 234 2597 452 2676; x_wconf 88' lang='lat' dir='ltr'>cepta,</span> <span class='ocrx_word' id='word_1_206' title='bbox 489 2615 633 2658; x_wconf 90' lang='lat' dir='ltr'>cum</span> <span class='ocrx_word' id='word_1_207' title='bbox 669 2594 1028 2679; x_wconf 82' lang='lat' dir='ltr'>Themisto,</span> <span class='ocrx_word' id='word_1_208' title='bbox 1066 2596 1168 2659; x_wconf 88' lang='lat' dir='ltr'>cui</span> <span class='ocrx_word' id='word_1_209' title='bbox 1196 2594 1460 2660; x_wconf 85' lang='lat' dir='ltr'>Gelonis</span> <span class='ocrx_word' id='word_1_210' title='bbox 1499 2597 1636 2661; x_wconf 91' lang='lat' dir='ltr'>filia</span> <span class='ocrx_word' id='word_1_211' title='bbox 1670 2600 1875 2679; x_wconf 92' lang='lat' dir='ltr'>nupta</span> <span class='ocrx_word' id='word_1_212' title='bbox 1911 2600 2075 2678; x_wconf 87' lang='lat' dir='ltr'>erat,</span> <span class='ocrx_word' id='word_1_213' title='bbox 2111 2619 2251 2660; x_wconf 91' lang='lat' dir='ltr'>rem</span> 
     </span>
     <span class='ocr_line' id='line_1_28' title="bbox 236 2681 2250 2766; baseline 0.001 -19"><span class='ocrx_word' id='word_1_214' title='bbox 236 2681 672 2747; x_wconf 85' lang='lat' dir='ltr'>consociatam</span> <span class='ocrx_word' id='word_1_215' title='bbox 716 2703 956 2766; x_wconf 87' lang='lat' dir='ltr'>paucos</span> <span class='ocrx_word' id='word_1_216' title='bbox 1003 2687 1153 2765; x_wconf 90' lang='lat' dir='ltr'>post</span> <span class='ocrx_word' id='word_1_217' title='bbox 1191 2683 1324 2747; x_wconf 90' lang='lat' dir='ltr'>dies</span> <span class='ocrx_word' id='word_1_218' title='bbox 1362 2682 1654 2749; x_wconf 90' lang='lat' dir='ltr'>Aristoni</span> <span class='ocrx_word' id='word_1_219' title='bbox 1700 2684 1950 2747; x_wconf 91' lang='lat' dir='ltr'>cuidam</span> <span class='ocrx_word' id='word_1_220' title='bbox 1995 2684 2250 2766; x_wconf 90' lang='lat' dir='ltr'>tragico</span> 
     </span>
     <span class='ocr_line' id='line_1_29' title="bbox 234 2769 2249 2853; baseline 0.001 -20"><span class='ocrx_word' id='word_1_221' title='bbox 234 2769 466 2853; x_wconf 88' lang='lat' dir='ltr'>actori,</span> <span class='ocrx_word' id='word_1_222' title='bbox 513 2769 618 2834; x_wconf 92' lang='lat' dir='ltr'>cui</span> <span class='ocrx_word' id='word_1_223' title='bbox 656 2772 722 2833; x_wconf 90' lang='lat' dir='ltr'>et</span> <span class='ocrx_word' id='word_1_224' title='bbox 757 2769 885 2833; x_wconf 92' lang='lat' dir='ltr'>alia</span> <span class='ocrx_word' id='word_1_225' title='bbox 923 2791 1157 2834; x_wconf 90' lang='lat' dir='ltr'>arcana</span> <span class='ocrx_word' id='word_1_226' title='bbox 1194 2771 1596 2836; x_wconf 89' lang='lat' dir='ltr'>committere</span> <span class='ocrx_word' id='word_1_227' title='bbox 1634 2771 1959 2853; x_wconf 89' lang='lat' dir='ltr'>adsuerat,</span> <span class='ocrx_word' id='word_1_228' title='bbox 1994 2770 2249 2835; x_wconf 90' lang='lat' dir='ltr'>incaute</span> 
     </span>
     <span class='ocr_line' id='line_1_30' title="bbox 235 2857 2319 2943; baseline -0 -22"><span class='ocrx_word' id='word_1_229' title='bbox 235 2857 461 2940; x_wconf 90' lang='lat' dir='ltr'>aperit.</span> <span class='ocrx_word' id='word_1_230' title='bbox 549 2858 701 2923; x_wconf 90' lang='lat' dir='ltr'>huic</span> <span class='ocrx_word' id='word_1_231' title='bbox 748 2863 814 2922; x_wconf 85' lang='lat' dir='ltr'>et</span> <span class='ocrx_word' id='word_1_232' title='bbox 859 2878 1063 2942; x_wconf 91' lang='lat' dir='ltr'>genus</span> <span class='ocrx_word' id='word_1_233' title='bbox 1120 2862 1185 2922; x_wconf 89' lang='lat' dir='ltr'>et</span> <span class='ocrx_word' id='word_1_234' title='bbox 1228 2858 1495 2924; x_wconf 89' lang='lat' dir='ltr'>fortuna</span> <span class='ocrx_word' id='word_1_235' title='bbox 1549 2859 1821 2923; x_wconf 90' lang='lat' dir='ltr'>honesta</span> <span class='ocrx_word' id='word_1_236' title='bbox 1877 2863 2084 2943; x_wconf 91' lang='lat' dir='ltr'>erant,</span> <span class='ocrx_word' id='word_1_237' title='bbox 2128 2880 2250 2924; x_wconf 88' lang='lat' dir='ltr'>nec</span> <span class='ocrx_word' id='word_1_238' title='bbox 2286 2871 2319 2920; x_wconf 87' lang='lat'><strong>3</strong></span> 
     </span>
     <span class='ocr_line' id='line_1_31' title="bbox 234 2945 2251 3031; baseline 0.003 -24"><span class='ocrx_word' id='word_1_239' title='bbox 234 2966 370 3027; x_wconf 68' lang='lat' dir='ltr'>am,</span> <span class='ocrx_word' id='word_1_240' title='bbox 415 2946 566 3026; x_wconf 90' lang='lat' dir='ltr'>quia</span> <span class='ocrx_word' id='word_1_241' title='bbox 617 2946 784 3011; x_wconf 91' lang='lat' dir='ltr'>nihil</span> <span class='ocrx_word' id='word_1_242' title='bbox 837 2947 968 3010; x_wconf 90' lang='lat' dir='ltr'>tale</span> <span class='ocrx_word' id='word_1_243' title='bbox 1026 2946 1192 3029; x_wconf 91' lang='lat' dir='ltr'>apud</span> <span class='ocrx_word' id='word_1_244' title='bbox 1239 2945 1521 3011; x_wconf 85' lang='lat' dir='ltr'>Graecos</span> <span class='ocrx_word' id='word_1_245' title='bbox 1576 2948 1809 3030; x_wconf 91' lang='lat' dir='ltr'>pudori</span> <span class='ocrx_word' id='word_1_246' title='bbox 1855 2952 1980 3031; x_wconf 90' lang='lat' dir='ltr'>est,</span> <span class='ocrx_word' id='word_1_247' title='bbox 2027 2970 2104 3012; x_wconf 90' lang='lat' dir='ltr'>ea</span> <span class='ocrx_word' id='word_1_248' title='bbox 2150 2948 2251 3012; x_wconf 92' lang='lat' dir='ltr'>de-</span> 
     </span>
     <span class='ocr_line' id='line_1_32' title="bbox 234 3031 2250 3120; baseline 0.003 -25"><span class='ocrx_word' id='word_1_249' title='bbox 234 3031 579 3097; x_wconf 88' lang='lat' dir='ltr'>formabat.</span> <span class='ocrx_word' id='word_1_250' title='bbox 624 3034 839 3116; x_wconf 90' lang='lat' dir='ltr'>itaque</span> <span class='ocrx_word' id='word_1_251' title='bbox 866 3034 1058 3098; x_wconf 92' lang='lat' dir='ltr'>fidem</span> <span class='ocrx_word' id='word_1_252' title='bbox 1075 3035 1351 3115; x_wconf 75' lang='lat' dir='ltr'>priorem</span> <span class='ocrx_word' id='word_1_253' title='bbox 1372 3035 1818 3119; x_wconf 90' lang='lat' dir='ltr'>potioremque</span> <span class='ocrx_word' id='word_1_254' title='bbox 1836 3041 2037 3120; x_wconf 77' lang='lat' dir='ltr'>ratuS,</span> <span class='ocrx_word' id='word_1_255' title='bbox 2057 3058 2250 3120; x_wconf 88' lang='lat' dir='ltr'>quam</span> 
     </span>
     <span class='ocr_line' id='line_1_33' title="bbox 234 3119 2323 3207; baseline 0 -24"><span class='ocrx_word' id='word_1_256' title='bbox 234 3119 487 3202; x_wconf 90' lang='lat' dir='ltr'>patriae</span> <span class='ocrx_word' id='word_1_257' title='bbox 525 3119 822 3205; x_wconf 86' lang='lat' dir='ltr'>debebat,</span> <span class='ocrx_word' id='word_1_258' title='bbox 858 3122 1167 3186; x_wconf 89' lang='lat' dir='ltr'>indicium</span> <span class='ocrx_word' id='word_1_259' title='bbox 1206 3123 1286 3186; x_wconf 90' lang='lat' dir='ltr'>ad</span> <span class='ocrx_word' id='word_1_260' title='bbox 1321 3126 1655 3204; x_wconf 89' lang='lat' dir='ltr'>praetores</span> <span class='ocrx_word' id='word_1_261' title='bbox 1694 3124 1914 3190; x_wconf 89' lang='lat' dir='ltr'>defert.</span> <span class='ocrx_word' id='word_1_262' title='bbox 1988 3125 2100 3207; x_wconf 90' lang='lat' dir='ltr'>qui</span> <span class='ocrx_word' id='word_1_263' title='bbox 2137 3124 2251 3188; x_wconf 93' lang='lat' dir='ltr'>ubi</span> <span class='ocrx_word' id='word_1_264' title='bbox 2287 3135 2323 3183; x_wconf 78' lang='lat'><em>4</em></span> 
     </span>
     <span class='ocr_line' id='line_1_34' title="bbox 233 3206 2250 3295; baseline 0.001 -24"><span class='ocrx_word' id='word_1_265' title='bbox 233 3230 374 3272; x_wconf 91' lang='lat' dir='ltr'>rem</span> <span class='ocrx_word' id='word_1_266' title='bbox 419 3206 595 3271; x_wconf 89' lang='lat' dir='ltr'>haud</span> <span class='ocrx_word' id='word_1_267' title='bbox 640 3230 872 3273; x_wconf 86' lang='lat' dir='ltr'>vanam</span> <span class='ocrx_word' id='word_1_268' title='bbox 910 3232 1049 3274; x_wconf 90' lang='lat' dir='ltr'>esse</span> <span class='ocrx_word' id='word_1_269' title='bbox 1088 3210 1278 3273; x_wconf 90' lang='lat' dir='ltr'>certis</span> <span class='ocrx_word' id='word_1_270' title='bbox 1316 3210 1575 3275; x_wconf 90' lang='lat' dir='ltr'>indiciis</span> <span class='ocrx_word' id='word_1_271' title='bbox 1614 3216 2065 3295; x_wconf 88' lang='lat' dir='ltr'>conpererunt,</span> <span class='ocrx_word' id='word_1_272' title='bbox 2103 3232 2250 3273; x_wconf 92' lang='lat' dir='ltr'>con-</span> 
     </span>
     <span class='ocr_line' id='line_1_35' title="bbox 235 3295 2251 3382; baseline 0 -23"><span class='ocrx_word' id='word_1_273' title='bbox 235 3296 428 3359; x_wconf 86' lang='lat' dir='ltr'>sultis</span> <span class='ocrx_word' id='word_1_274' title='bbox 459 3295 817 3361; x_wconf 88' lang='lat' dir='ltr'>senioribus</span> <span class='ocrx_word' id='word_1_275' title='bbox 848 3300 913 3361; x_wconf 91' lang='lat' dir='ltr'>et</span> <span class='ocrx_word' id='word_1_276' title='bbox 940 3299 1322 3362; x_wconf 88' lang='lat' dir='ltr'>auctoritate</span> <span class='ocrx_word' id='word_1_277' title='bbox 1362 3320 1582 3363; x_wconf 92' lang='lat' dir='ltr'>eorum</span> <span class='ocrx_word' id='word_1_278' title='bbox 1609 3299 1928 3382; x_wconf 88' lang='lat' dir='ltr'>praesidio</span> <span class='ocrx_word' id='word_1_279' title='bbox 1970 3297 2046 3360; x_wconf 89' lang='lat' dir='ltr'>ad</span> <span class='ocrx_word' id='word_1_280' title='bbox 2077 3297 2251 3360; x_wconf 87' lang='lat' dir='ltr'>fores</span> 
     </span>
     <span class='ocr_line' id='line_1_36' title="bbox 234 3383 2251 3469; baseline 0 -22"><span class='ocrx_word' id='word_1_281' title='bbox 234 3384 448 3466; x_wconf 87' lang='lat' dir='ltr'>posito</span> <span class='ocrx_word' id='word_1_282' title='bbox 503 3383 829 3467; x_wconf 87' lang='lat' dir='ltr'>ingressos</span> <span class='ocrx_word' id='word_1_283' title='bbox 887 3385 1128 3449; x_wconf 90' lang='lat' dir='ltr'>curiam</span> <span class='ocrx_word' id='word_1_284' title='bbox 1175 3385 1581 3449; x_wconf 84' lang='lat' dir='ltr'>Themistum</span> <span class='ocrx_word' id='word_1_285' title='bbox 1637 3390 1830 3469; x_wconf 88' lang='lat' dir='ltr'>atque</span> <span class='ocrx_word' id='word_1_286' title='bbox 1875 3383 2251 3448; x_wconf 89' lang='lat' dir='ltr'>Adranodo-</span> 
     </span>
     <span class='ocr_line' id='line_1_37' title="bbox 234 3471 2324 3554; baseline -0.001 -20"><span class='ocrx_word' id='word_1_287' title='bbox 234 3492 377 3535; x_wconf 91' lang='lat' dir='ltr'>rum</span> <span class='ocrx_word' id='word_1_288' title='bbox 422 3471 894 3538; x_wconf 86' lang='lat' dir='ltr'>interfecerunt.</span> <span class='ocrx_word' id='word_1_289' title='bbox 960 3476 1024 3536; x_wconf 93' lang='lat' dir='ltr'>et</span> <span class='ocrx_word' id='word_1_290' title='bbox 1070 3495 1214 3537; x_wconf 89' lang='lat' dir='ltr'>cum</span> <span class='ocrx_word' id='word_1_291' title='bbox 1258 3473 1579 3536; x_wconf 86' lang='lat' dir='ltr'>tumultus</span> <span class='ocrx_word' id='word_1_292' title='bbox 1619 3471 1700 3535; x_wconf 91' lang='lat' dir='ltr'>ab</span> <span class='ocrx_word' id='word_1_293' title='bbox 1747 3494 1814 3535; x_wconf 93' lang='lat' dir='ltr'>re</span> <span class='ocrx_word' id='word_1_294' title='bbox 1861 3473 1930 3535; x_wconf 95' lang='lat' dir='ltr'>in</span> <span class='ocrx_word' id='word_1_295' title='bbox 1976 3472 2253 3554; x_wconf 89' lang='lat' dir='ltr'>speciem</span> <span class='ocrx_word' id='word_1_296' title='bbox 2290 3484 2324 3532; x_wconf 72' lang='grc' dir='ltr'><strong>ὅ</strong></span> 
     </span>
     <span class='ocr_line' id='line_1_38' title="bbox 231 3559 2250 3646; baseline 0.001 -24"><span class='ocrx_word' id='word_1_297' title='bbox 231 3559 550 3625; x_wconf 85' lang='lat' dir='ltr'>atrociore</span> <span class='ocrx_word' id='word_1_298' title='bbox 587 3582 847 3626; x_wconf 88' lang='lat' dir='ltr'>causam</span> <span class='ocrx_word' id='word_1_299' title='bbox 886 3561 1033 3625; x_wconf 90' lang='lat' dir='ltr'>aliis</span> <span class='ocrx_word' id='word_1_300' title='bbox 1064 3560 1516 3646; x_wconf 87' lang='lat' dir='ltr'>ignorantibus</span> <span class='ocrx_word' id='word_1_301' title='bbox 1546 3561 1725 3623; x_wconf 91' lang='lat' dir='ltr'>ortus</span> <span class='ocrx_word' id='word_1_302' title='bbox 1757 3563 1955 3643; x_wconf 91' lang='lat' dir='ltr'>esset,</span> <span class='ocrx_word' id='word_1_303' title='bbox 1985 3560 2250 3624; x_wconf 89' lang='lat' dir='ltr'>silentio</span> 
     </span>
    </p>
   </div>
  </div>
 </body>
</html>
