2654 3913
344 168 472 231 154
630 168 845 223 LIBER
880 167 1074 226 XXVI.
1148 168 1299 223 CAP.
1340 174 1424 225 35.
1465 176 1548 225 36.
1624 171 1699 239 [a.
1741 169 1801 225 U.
1842 186 1887 223 c.
1929 173 2057 240 544]

335 316 594 395 praeter
636 316 879 377 terram
921 312 1162 378 nudam
1199 334 1274 377 ac
1309 316 1564 378 vastam
1600 313 1856 378 habere.
1933 317 2107 379 tecta
2142 312 2355 380 hostis

337 400 723 485 incendisse,
758 422 978 467 servos
1009 402 1155 485 agri
1184 402 1463 466 cultores
1490 423 1628 467 rem
1656 401 1980 484 publicam
2010 403 2356 468 abduxisse

338 510 508 553 nunc
562 490 643 554 ad
697 489 1002 554 militiam
1054 511 1258 573 parvo
1306 511 1452 555 aere
1500 490 1796 574 emendo,
1850 510 2022 555 nunc
2077 492 2357 577 remiges

270 585 302 634 6
340 577 742 661 imperando3
781 578 838 642 si
875 578 1030 661 quid
1067 578 1170 642 cui
1207 579 1464 663 argenti
1492 578 1742 644 aerisve
1772 578 1994 662 fuerit,
2033 580 2357 663 stipendio

337 666 659 751 remigum
696 669 762 729 et
787 666 1054 731 tributis
1091 667 1322 731 annuis
1352 667 1661 731 ablatum.
1734 688 1829 750 se,
1865 671 1940 732 ut
1966 668 2145 751 dent,
2185 667 2359 751 quod

338 774 471 818 non
497 754 807 836 habeant,
843 754 1025 819 nulla
1058 754 1150 837 vi,
1188 754 1372 819 nullo
1411 754 1684 839 imperio
1723 755 1871 839 cogi
1907 776 2115 839 posse.
2186 755 2362 819 bona

340 862 456 904 sua
500 841 876 925 venderent,
923 843 993 905 in
1036 862 1336 925 corpora,
1381 864 1545 926 quae
1582 843 1832 926 reliqua
1870 847 2110 927 essent,
2155 844 2360 908 saevi-

338 931 499 991 rent.
570 950 652 1004 ne
689 928 855 993 unde
893 929 1293 993 redimantur
1333 930 1591 1012 quidem
1628 931 1973 1014 quicquam
2011 953 2360 1015 superesse.

271 1024 302 1072 ‘1
340 1015 496 1079 haec
532 1036 667 1080 non
701 1015 1060 1080 inocculto
1071 1016 1228 1097 ‚sed
1253 1017 1597 1099 propalam
1632 1018 1705 1081 in
1739 1018 1885 1083 foro
1925 1023 2118 1103 atque
2158 1020 2361 1084 oculis

339 1104 628 1185 ipsorum
677 1104 1011 1167 consulum
1056 1103 1288 1187 ingens
1334 1104 1529 1169 turba
1567 1106 1934 1170 circumfusi
1979 1106 2364 1191 fremebant,

266 1199 299 1248 8
336 1211 454 1255 nec
501 1212 611 1257 eos
668 1191 891 1256 sedare
948 1192 1242 1257 consules
1302 1213 1473 1256 nunc
1526 1192 1931 1276 castigando,
1984 1214 2155 1257 nunc
2208 1216 2361 1258 con-

339 1279 603 1345 solando
659 1283 980 1363 poterant.
1070 1280 1354 1364 spatium
1409 1280 1636 1345 deinde
1688 1279 1770 1345 iis
1825 1280 2025 1345 tridui
2079 1301 2147 1346 se
2206 1281 2360 1346 dare

341 1368 424 1432 ad
461 1368 881 1452 cogitandum
917 1369 1244 1453 dixerunt3
1278 1390 1405 1452 quo
1444 1368 1571 1451 ipsi
1605 1368 1687 1434 ad
1722 1390 1859 1433 rem
1896 1368 2360 1452 inspiciendam

269 1465 302 1513 9
339 1462 397 1521 ct
441 1456 905 1540 expediendam
948 1458 1052 1522 usi
1099 1461 1266 1522 sunt.
1342 1461 1637 1522 senatum
1672 1461 1933 1541 postero
1979 1458 2081 1522 die
2118 1457 2361 1524 habue-

338 1549 492 1610 runt
545 1544 623 1610 de
677 1546 995 1631 remigum
1061 1546 1539 1629 supplement03
1603 1546 1716 1611 ubi
1771 1569 1918 1611 cum
1973 1546 2183 1611 multa
2237 1546 2362 1611 dis·

341 1633 720 1716 seruissent,
766 1654 880 1698 cur
925 1655 1132 1717 aequa
1176 1634 1390 1716 plebis
1426 1635 1747 1699 recusatio
1790 1638 1984 1719 esset,
2028 1638 2364 1700 verterunt

341 1721 704 1784 orationem
752 1741 855 1802 e0,
902 1723 975 1784 ut
1020 1721 1306 1784 dicerent
1350 1722 1622 1803 privatis
1668 1722 1736 1785 id
1783 1743 1896 1785 seu
1933 1743 2209 1805 aequum
2248 1745 2361 1787 seu

237 1819 304 1867 10
342 1806 636 1909 iniquum
665 1827 828 1870 onus
857 1806 1325 1891 iniungendum
1375 1829 1543 1872 esse.
1592 1830 1745 1873 nam
1798 1809 1994 1891 unde,
2050 1830 2197 1874 cum
2249 1832 2359 1893 pe-

340 1894 527 1962 cunia
573 1895 646 1961 in
691 1894 940 1961 aerario
991 1917 1123 1960 non
1169 1898 1365 1978 esset,
1419 1900 1761 1980 paraturos
1806 1896 2059 1962 navalis
2107 1898 2360 1964 socios?

341 2007 468 2070 quo
515 1967 709 2051 modo
759 1988 976 2050 autem
1025 1985 1163 2050 sine
1209 1985 1526 2050 classibus
1584 1990 1698 2051 aut
1742 1984 2034 2052 Siciliam
2081 1987 2357 2052 obtineri

340 2078 453 2140 aut
477 2073 674 2139 Italia
700 2073 1076 2158 Philippum
1113 2074 1316 2139 arceri
1352 2095 1543 2158 posse
1580 2080 1694 2140 aut
1727 2078 1872 2139 tuta
1898 2075 2128 2140 Italiae
2166 2074 2362 2141 litora

272 2172 297 2218 1
342 2163 524 2228 esse?
616 2162 914 2227 XXXVI.
969 2184 1115 2227 cum
1167 2163 1237 2227 in
1288 2162 1412 2226 hac
1467 2162 1849 2228 difficultate
1893 2185 2109 2228 rerum
2154 2165 2361 2229 consi-

339 2252 500 2314 lium
532 2250 855 2332 haereret,
885 2271 958 2313 ac
985 2271 1187 2332 prope
1217 2254 1444 2331 torpor
1471 2251 1731 2332 quidam
1758 2255 2133 2332 occupasset
2159 2251 2362 2316 homi-

269 2345 302 2394 2
341 2357 497 2400 num
525 2339 799 2418 mentes),
835 2341 975 2398 tum
1004 2336 1324 2399 Laevinus
1355 2338 1610 2401 consul.
1648 2334 2071 2421 magistratus
2106 2340 2361 2402 senatui

341 2427 408 2488 et
468 2426 763 2487 senatum
828 2423 1098 2506 populo,
1164 2423 1332 2487 sicut
1389 2422 1637 2488 honore
1699 2428 2059 2510 praestent,
2121 2426 2214 2490 ita
2280 2427 2362 2491 ad

344 2511 588 2596 omnia,
629 2531 791 2595 quae
828 2511 990 2575 dura
1026 2513 1217 2594 atque
1256 2531 1486 2594 aspera
1522 2517 1764 2597 essent,
1801 2514 2135 2579 subeunda
2170 2514 2361 2579 duces

270 2609 305 2658 3
344 2600 572 2666 debere
630 2621 788 2665 esse.
890 2597 1028 2682 “si,
1084 2599 1255 2701 quod
1310 2599 1644 2685 iniungere
1699 2601 1990 2667 inferiori
2048 2602 2210 2668 velis
2219 2653 2237 2686 ,
2296 2604 2364 2669 id

341 2690 523 2775 prius
569 2689 641 2755 in
684 2692 749 2753 te
789 2710 863 2754 ac
906 2690 1055 2752 tuos
1093 2687 1236 2770 ipse
1261 2687 1430 2775 iuris
1379 2689 1802 2774 statueris,
1846 2690 2104 2756 facilius
2152 2712 2361 2756 omnis

344 2777 742 2843 oboedientis
787 2778 1049 2842 habeas.
1139 2798 1258 2840 nec
1314 2775 1610 2860 impensa
1656 2778 1874 2862 gravis
1926 2782 2053 2862 est,
2100 2800 2245 2844 cum
2290 2800 2365 2844 ex

344 2888 420 2930 ea
472 2866 623 2949 plus
691 2887 885 2950 quam
938 2887 1057 2949 pro
1112 2865 1286 2929 virili
1340 2870 1526 2948 parte
1580 2867 1708 2931 sibi
1764 2888 2079 2951 quemque
2136 2890 2364 2951 capere

180 3012 185 3025 ,
272 2962 306 3009 4
342 2953 709 3037 principum
737 2953 975 3018 vident.
1047 2953 1266 3037 itaque
1293 2954 1352 3017 si
1380 2953 1618 3019 classes
1645 2954 1883 3019 habere
1913 2958 2107 3040 atque
2134 2977 2364 3021 ornare

343 3040 639 3104 volumus
674 3041 986 3123 populum
1021 3039 1414 3124 Romanum,
1447 3042 1743 3144 privatos
1782 3043 1923 3109 sine
1959 3045 2364 3109 recusatione

272 3138 375 3193 δι·
344 3128 621 3212 remiges
641 3127 812 3211 dare,
830 3127 1198 3192 nobismet
1178 3127 1342 3212 ipsis
1362 3130 1645 3211 primum
1662 3131 2072 3214 imperemus
2118 3154 2366 3218 aurum,

345 3219 712 3318 argentum,
765 3235 870 3282 aes
924 3215 1253 3302 signatum
1301 3237 1490 3281 omne
1540 3223 1873 3284 senatores
1930 3221 2214 3285 crastino
2262 3220 2365 3284 die

344 3308 410 3370 in
456 3304 788 3406 publicum
826 3304 1258 3388 conferamus,
1305 3305 1399 3369 ita
1444 3309 1518 3371 ut
1562 3307 1791 3372 anulos
1829 3307 1955 3372 sibi
1995 3309 2262 3391 quisque
2299 3312 2367 3371 et

344 3392 604 3475 coniugi
669 3396 735 3456 et
797 3393 1048 3475 liberis,
1113 3396 1179 3458 et
1231 3391 1370 3457 filio
1427 3394 1699 3481 bullam,
1756 3399 1849 3480 et,
1911 3396 2144 3478 quibus
2202 3415 2366 3459 uxor

345 3475 592 3540 filiaeve
641 3482 817 3563 sunt,
873 3479 1166 3562 singulas
1222 3482 1446 3545 uncias
1502 3473 1714 3566 pondo
1773 3483 1914 3548 auri
1968 3481 2367 3565 relinquant.
