2654 3913
609 214 823 269 LIBER
857 216 1026 272 XXV.
1102 216 1256 274 CAP.
1297 223 1378 272 17.
1422 225 1502 273 18.
1582 219 1655 289 [a.
1696 219 1753 274 C.
1793 223 1920 292 212]
2194 221 2275 285 79

255 361 442 445 quias
504 360 890 427 celebrante.
980 360 1139 426 haec
1198 361 1492 446 tradunt,
1552 363 1662 446 qui
1721 364 1789 427 in
1848 363 2125 429 Lucanis
2182 368 2278 430 rei

257 453 482 535 gestae
522 453 814 513 auctores
853 453 1022 514 sunt.
1105 449 1163 513 si
1200 450 1358 533 illis,
1407 451 1518 534 qui
1557 451 1639 515 ad
1677 448 1976 516 Calorem
2012 452 2277 516 fluvium
2316 467 2349 515 6

255 538 666 602 interfectum
735 540 1125 620 memorant,
1180 537 1434 602 credere
1490 539 1678 623 velis,
1736 541 1967 623 capitis
2023 544 2277 605 tantum

258 624 533 691 Gracchi
579 626 801 691 hostes
848 626 1046 710 potiti
1095 628 1271 709 sunt3
1319 647 1394 690 eo
1442 626 1657 691 delato
1703 628 1781 691 ad
1827 628 2281 712 Hannibalem,
2318 642 2347 690 7

257 715 494 780 missus
553 715 634 778 ab
693 735 768 779 eo
824 714 1168 778 confestim
1216 711 1552 798 Carthalo,
1606 716 1715 799 qui
1768 717 1838 780 in
1892 719 2106 782 castra
2150 716 2277 782 Ro·

257 825 448 868 mana
494 803 575 866 ad
614 800 727 867 Cn.
766 799 1139 867 Cornelium
1177 806 1588 884 quaestorem
1626 804 1921 869 deferret.
1994 805 2050 869 is
2085 804 2278 870 funus

257 891 670 975 imperatoris
707 890 777 953 in
806 891 1037 955 castris
1067 890 1541 955 celebrantibus
1580 912 1727 956 cum
1765 893 2048 957 exercitu
2074 891 2279 958 Bene·

255 980 555 1045 ventanis
601 978 772 1043 fecit.

435 1065 693 1131 XVHI..
721 1064 1035 1131 Consules
1083 1087 1312 1150 agrum
1362 1066 1760 1151 Campanum
1806 1069 2083 1154 ingressi
2129 1092 2274 1135 cum
2316 1082 2344 1130 1

258 1155 503 1240 passim
540 1155 1032 1239 popularentur,
1072 1155 1409 1238 eruptione
1450 1157 1921 1239 oppidanorum
1959 1161 2026 1222 et
2055 1157 2278 1242 Mago-

258 1245 357 1309 nis
414 1265 560 1309 cum
617 1244 909 1327 equitatu
966 1243 1182 1306 territi
1243 1247 1311 1307 et
1369 1244 1602 1326 trepidi
1658 1245 1738 1309 ad
1795 1247 1984 1330 signa
2036 1247 2276 1311 milites

256 1333 514 1417 palatos
572 1333 818 1415 passim
877 1334 1262 1395 revocarunt
1321 1333 1389 1394 et
1445 1331 1706 1395 vixdum
1765 1333 2082 1398 instructa
2140 1335 2277 1399 acie

256 1421 386 1486 fusi
424 1441 621 1502 supra
656 1419 837 1483 mille
877 1422 942 1483 et
978 1419 1368 1503 quingentos
1405 1419 1650 1483 milites
1690 1422 2067 1485 amiserunt.
2131 1422 2277 1485 inde
2316 1432 2347 1481 2

258 1511 490 1593 ingens
554 1507 794 1571 ferocia
859 1507 1172 1589 superbae
1228 1510 1459 1588 suopte
1513 1507 1771 1592 ingenio
1828 1509 2011 1592 genti
2064 1509 2280 1592 crevit,

259 1596 609 1679 multisque
638 1595 899 1679 proeliis
929 1595 1338 1660 lacessebant
1364 1593 1717 1680 Romanos3
1755 1597 1865 1660 sed
1897 1596 2278 1662 intentiores

260 1686 341 1751 ad
380 1683 733 1749 cavendum
762 1683 1060 1750 consules
1089 1705 1219 1748 una
1254 1703 1474 1767 pugna
1510 1684 1751 1749 fecerat
1787 1685 2045 1751 incaute
2083 1688 2278 1769 atque

259 1773 623 1839 inconsulte
676 1772 857 1838 inita.
947 1771 1238 1837 restituit
1291 1777 1511 1837 tamen
1565 1772 1668 1837 his
1725 1774 1974 1839 animos
2032 1777 2097 1839 et
2145 1775 2276 1838 illis
2315 1786 2348 1834 3

260 1862 494 1927 minuit
532 1861 866 1925 audaciam
905 1882 1106 1942 parva
1142 1881 1271 1924 una
1306 1881 1438 1943 res3
1476 1861 1585 1925 sed
1620 1861 1688 1924 in
1722 1861 1899 1927 bello
1939 1862 2103 1926 nihil
2141 1866 2278 1927 tam

257 1953 397 2016 leve
445 1952 571 2031 est,
626 1949 797 2033 quod
850 1970 983 2013 non
1038 1968 1311 2032 magnae
1366 1949 1687 2015 interdum
1741 1951 1836 2015 rei
1881 1954 2277 2017 momentum

259 2039 474 2103 faciat.
548 2036 622 2100 T.
659 2036 960 2111 Quinctio
999 2034 1298 2119 Crispino
1335 2036 1577 2102 Badius
1626 2035 1995 2121 Campanus
2039 2038 2277 2121 hospes
2315 2052 2350 2099 4

263 2129 429 2205 erat,
456 2122 883 2207 perfamiliari
910 2124 1195 2207 hospitio
1224 2126 1494 2191 iunctim.
1550 2130 1840 2191 creverat
1867 2126 2278 2208 consuetudO,

261 2214 431 2297 quod
487 2231 681 2296 aeger
724 2211 971 2276 Romae
1027 2213 1197 2297 apud
1252 2212 1621 2298 Crispinum
1666 2214 1908 2279 Badius
1970 2217 2119 2279 ante
2175 2213 2278 2279 de-

260 2301 606 2367 fectionem
667 2298 1066 2383 Campanam
1130 2302 1487 2367 liberaliter
1554 2304 1949 2386 comiterque
2014 2306 2277 2368 curatus

260 2390 487 2455 fuerat.
559 2390 617 2455 is
656 2393 795 2455 tum
833 2390 1074 2455 Badius
1112 2412 1495 2476 progressus
1535 2396 1681 2457 ante
1721 2393 2069 2476 stationes,
2116 2413 2277 2475 quae
2315 2402 2347 2450 5

260 2499 378 2560 pro
424 2481 615 2560 porta
659 2478 946 2560 stabant,
995 2480 1212 2543 vocari
1259 2478 1631 2561 Crispinum
1676 2481 1887 2545 iussit.
1952 2479 2123 2564 quod
2166 2480 2280 2544 ubi

263 2568 364 2629 est
410 2563 707 2645 Crispino
753 2528 1152 2645 nuntiatum,
1198 2569 1379 2629 ratus
1424 2567 1834 2649 conloquium
1882 2569 2159 2632 amicum
2206 2588 2280 2629 ac

260 2651 583 2717 familiare
630 2651 880 2733 quaeri,
934 2654 1233 2713 manente
1278 2652 1589 2714 memoria
1645 2653 1842 2715 etiam
1897 2653 1963 2715 in
2010 2651 2278 2714 discidio

261 2740 669 2825 publicorum
723 2736 1054 2802 foederum
1108 2737 1350 2820 privati
1404 2758 1561 2800 iuris
1572 2788 1590 2820 ,
1641 2739 1906 2820 paulum
1966 2761 2004 2802 a
2052 2738 2279 2801 ceteris

261 2827 600 2913 processit.
667 2829 1015 2911 postquam
1063 2825 1133 2889 in
1179 2827 1595 2908 conspectum
1641 2847 1899 2909 venere,
1948 2824 2279 2910 “provoco
2318 2838 2352 2887 6

261 2916 386 2981 te''
425 2915 693 3000 inquit‘
700 2915 814 2980 ad
852 2936 1167 3000 pugnam,
1204 2911 1576 2997 Crispine,”
1614 2912 1965 2999 Badius3“
1976 2935 2282 2980 conscen-

264 3004 493 3068 damus
541 3026 737 3087 equos
785 3004 1254 3088 summotisque
1292 3004 1467 3087 aliis,
1511 3006 1656 3068 uter
1700 3003 1870 3068 bello
1908 3004 2140 3069 melior
2177 3004 2279 3085 sit,

263 3090 745 3157 decernamus?
837 3093 918 3158 ad
975 3114 1051 3157 ea
1106 3090 1440 3176 Crispinus
1494 3114 1615 3158 nec
1681 3093 1807 3157 sibi
1859 3114 1978 3158 nec
2032 3092 2130 3157 illi
2186 3093 2280 3156 ait
2319 3104 2350 3153 ’1

261 3182 485 3246 hostes
516 3180 762 3262 deesse,
788 3180 856 3244 in
887 3182 1114 3264 quibus
1145 3183 1451 3246 virtutem
1480 3182 1852 3246 ostendant.
1891 3203 1986 3265 se,
2024 3180 2280 3245 etiamsi

260 3270 328 3334 in
390 3269 524 3334 acie
585 3269 958 3353 occurrerit,
1017 3270 1518 3352 declinaturum,
1576 3291 1657 3333 ne
1715 3268 2031 3352 hospitali
2090 3266 2279 3332 caede

261 3359 555 3423 dextram
580 3357 811 3440 violet3
843 3378 1312 3443 conversusque
1343 3359 1608 3422 abibat.
1649 3356 1972 3421 enimvero
2000 3355 2277 3421 ferocius
2316 3369 2348 3417 8

259 3450 398 3512 tum
439 3446 805 3530 Campanus
844 3446 1174 3529 increpare
1211 3446 1556 3510 mollitiam
1598 3445 2051 3529 ignaviamque
2098 3447 2165 3509 et
2210 3466 2279 3509 se

258 3535 459 3620 digna
512 3537 754 3620 probra
797 3536 868 3601 in
911 3536 1234 3601 insontem
1289 3535 1524 3617 iacere,
1576 3533 1967 3619 hospitalem
2020 3533 2275 3599 hostem
