2654 3913
368 208 494 271 148
719 204 933 258 LIBER
967 203 1163 258 xxv1.
1236 203 1389 257 cAP.
1428 210 1512 257 30.
1590 205 1662 274 [a
1701 202 1766 258 U.
1805 219 1850 257 ο.
1891 205 2022 275 544]

363 350 698 434 Epicyden
740 353 1051 433 tyrannos
1098 369 1244 412 cum
1290 348 1375 412 ob
1419 347 1550 411 alia
1585 350 1724 412 tum
1771 350 2036 430 propter
2081 346 2386 412 defectio·

365 460 515 504 nem
571 439 653 503 ab
699 436 1010 502 Romanis
1066 436 1147 501 ad
1192 435 1628 500 Hannibalem
1682 434 1930 499 invisos
1986 435 2186 510 fuisse
2243 434 2389 500 sibi.

368 528 451 592 ob
499 548 642 592 eam
689 547 950 591 causam
996 528 1062 589 et
1104 524 1576 607 Hieronymum
1634 546 1673 587 a
1728 524 2125 607 principibus
2170 523 2388 587 iuven-

297 629 330 677 3
367 615 526 681 tutis
581 636 783 700 prope
837 614 1099 698 publico
1155 613 1427 678 consilio
1490 612 1933 695 interfectum,
1987 615 2054 676 et
2107 611 2178 675 in
2229 610 2389 695 Epi-

369 704 545 788 cydis
590 702 1134 787 Hippocratisque
1180 701 1441 767 caedem
1487 700 1906 784 septuaginta
1948 699 2388 764 nobilissimo-

367 814 513 856 rum
539 792 842 855 iuvenum
872 790 1380 855 coniurationem
1406 788 1674 873 factam3
1705 809 1867 873 quos
1886 787 2175 854 Marcelli
2201 808 2388 852 mora

369 879 715 943 destitutos
723 928 741 961 ,
797 879 949 961 quia
1002 878 1083 942 ad
1134 877 1535 960 praedictum
1589 881 1851 960 tempus
1907 877 2256 941 exercitum
2308 875 2389 940 ad

370 965 720 1050 Syracusas
787 986 919 1029 non
982 965 1405 1049 admovisset,
1474 964 1712 1028 indicio
1776 964 1951 1029 facto
2033 964 2243 1030 omnis
2306 964 2388 1028 ab

299 1067 334 1118 4
368 1053 660 1139 tyrannis
707 1051 1101 1116 interfectos,
1176 1073 1321 1115 eam
1367 1071 1620 1135 quoque
1665 1050 2084 1135 Hippocratis
2131 1057 2198 1117 et
2233 1052 2391 1135 Epi-

369 1142 544 1225 cydis
599 1139 1011 1225 tyrannidem
1065 1137 1447 1203 Marcellum
1503 1138 1813 1203 excitasse
1859 1138 2194 1203 Leontinis
2254 1161 2390 1204 cru-

301 1243 334 1293 5
371 1230 601 1294 deliter
645 1229 930 1312 direptis.
1000 1249 1356 1314 numquam
1400 1227 1628 1292 deinde
1671 1225 1994 1311 principes
2044 1224 2390 1309 Syracusa·

369 1340 601 1384 norum
655 1318 897 1384 desisse
951 1317 1033 1382 ad
1077 1315 1457 1381 Marcellum
1510 1316 1789 1382 transire
1842 1314 2264 1399 pollicerique
2319 1337 2390 1380 se

371 1408 626 1492 urbem,
679 1429 824 1472 cum
877 1405 1099 1489 vellet,
1154 1405 1214 1469 ei
1265 1405 1648 1489 tradituros;
1702 1403 1815 1469 sed
1868 1424 2016 1468 eum
2069 1404 2279 1488 primo
2324 1404 2390 1467 vi

304 1510 337 1559 6
375 1517 603 1580 capere
648 1494 980 1578 maluisse3
1027 1494 1201 1577 dein,
1247 1515 1393 1559 cum
1429 1494 1494 1558 id
1533 1512 1738 1576 neque
1773 1495 1950 1557 terra
1984 1513 2190 1577 neque
2228 1493 2392 1557 mari

374 1585 591 1650 omnia
645 1587 945 1666 expertus
999 1583 1350 1665 potuisset,
1407 1585 1701 1646 auctores
1755 1581 2145 1645 traditarum
2203 1579 2391 1663 Syra-

374 1694 673 1737 cusarum
718 1672 976 1735 fabrum
1024 1670 1344 1734 aerarium
1393 1667 1606 1734 Sosim
1653 1671 1719 1732 et
1761 1666 2118 1733 Moericum
2153 1668 2392 1752 Hispa-

371 1781 527 1823 num
584 1778 776 1840 quam
831 1757 1155 1840 principes
1211 1754 1765 1838 Syracusanorum
1823 1755 2089 1838 habere,
2147 1757 2390 1820 totiens

371 1845 437 1911 id
473 1845 861 1928 nequiquam
896 1843 1073 1907 ultro
1106 1842 1464 1927 offerentis,
1498 1845 1943 1927 praeoptasse,
1981 1864 2105 1926 quo
2144 1842 2392 1907 scilicet

372 1932 638 2000 iustiore
685 1932 762 1999 de
808 1953 1004 1998 causa
1047 1931 1525 1998 vetustissimos
1584 1930 1793 1997 socios
1840 1930 2068 2019 populi
2113 1930 2391 1997 Romani

303 2037 333 2086 7
372 2024 726 2089 trucidaret
771 2043 845 2088 ac
891 2020 1216 2107 diriperet.
1284 2020 1345 2085 si
1386 2041 1519 2085 non
1553 2014 1995 2104 Hieronymus
2034 2021 2114 2086 ad
2149 2020 2393 2087 Hanni·

372 2113 591 2178 halem
636 2111 1001 2194 defecisset,
1046 2110 1159 2174 sed
1205 2108 1483 2193 populus
1522 2107 1963 2192 Syracusanus
2012 2113 2078 2175 et
2113 2114 2394 2194 senatus,

376 2202 432 2266 si
466 2204 692 2286 portas
726 2199 1039 2264 Marcello
1078 2196 1466 2280 Syracusani
1504 2197 1758 2280 publice
1797 2201 1863 2262 et
1897 2219 2030 2263 non
2068 2199 2392 2281 oppressis

374 2287 797 2370 Syracusanis
851 2285 1116 2369 tyranni
1171 2306 1393 2349 eorum
1447 2284 1882 2367 Hippocrates
1946 2289 2013 2350 et
2069 2285 2392 2369 Epicydes

374 2374 788 2457 clausissent,
842 2373 900 2436 si
954 2370 1595 2454 Carthaginiensium
1651 2371 1884 2436 animis
1949 2372 2191 2436 bellum
2247 2393 2392 2437 cum

277 2473 337 2524 Δ8
372 2461 615 2548 populo
635 2460 929 2526 Romano
959 2459 1333 2544 gessissent,
1352 2458 1506 2542 quid
1531 2458 1707 2525 ultra
1733 2481 1928 2543 quam
1953 2459 2124 2544 quod
2151 2460 2394 2544 fecerit,

373 2551 502 2617 nisi
545 2554 622 2615 ut
666 2549 910 2614 deleret
953 2546 1332 2632 Syracusas,
1388 2547 1598 2612 facere
1641 2548 1969 2614 hostiliter
2013 2547 2390 2614 Marcellum

305 2651 338 2700 9
375 2638 713 2726 potuisse?
788 2640 958 2703 certe
985 2639 1243 2720 praeter
1269 2636 1527 2702 moenia
1564 2639 1630 2702 et
1664 2639 1840 2703 tecta
1869 2637 2183 2702 exhausta
2208 2639 2393 2703 urbis

377 2733 445 2794 et
487 2728 769 2793 refracta
815 2748 891 2792 ac
937 2725 1222 2809 spoliata
1267 2723 1458 2790 deum
1505 2725 1800 2809 delubra,
1854 2726 1954 2790 dis
1998 2726 2161 2809 ipsis
2208 2747 2393 2791 orna·

377 2818 740 2901 mentisque
774 2835 993 2880 eorum
1029 2813 1295 2896 ablatis,
1332 2813 1498 2878 nihil
1535 2814 1828 2879 relictum
1860 2810 2195 2896 Syracusis
2235 2834 2394 2880 esse.

273 2916 341 2966 10
377 2906 549 2970 bona
595 2924 848 2988 quoque
894 2902 1118 2968 multis
1165 2901 1493 2985 adempta,
1539 2902 1633 2967 ita
1676 2905 1753 2967 ut
1793 2921 1875 2965 ne
1919 2901 2092 2968 nudo
2135 2902 2388 2987 quidem

378 2992 545 3074 solo,
597 2991 891 3074 reliquiis
957 2990 1246 3074 direptae
1298 2990 1625 3073 fortunae,
1689 2989 1859 3055 alere
1915 3010 2056 3055 sese
2110 3013 2187 3056 ac
2240 3012 2394 3057 suos

376 3081 659 3164 possent.
742 3099 924 3143 orare
972 3098 1041 3143 se
1085 3081 1306 3162 patres
1353 3078 1779 3161 conscriptos,
1823 3080 1924 3163 ut,
1968 3080 2028 3144 si
2071 3083 2394 3164 nequeant

378 3166 620 3249 omnia,
667 3165 902 3231 saltem
947 3187 1110 3251 quae
1164 3170 1585 3251 compareant
1638 3167 2069 3252 cognoscique
2122 3168 2393 3253 possint,

275 3269 337 3317 11
377 3254 638 3322 restitui
680 3254 957 3321 dominis
1003 3254 1285 3320 iubeant.
1374 3253 1538 3318 talia
1591 3260 1977 3339 conquestos
2025 3277 2170 3321 cum
2215 3277 2392 3320 exce-

378 3345 523 3408 dere
569 3365 648 3408 ex
692 3344 968 3427 templo,
1012 3346 1087 3408 ut
1121 3342 1197 3407 de
1237 3342 1587 3426 postulatis
1625 3365 1848 3408 eorum
1883 3348 2104 3429 patres
2142 3343 2394 3408 consuli

274 3439 339 3487 12
377 3434 670 3511 possent,
713 3430 1034 3496 Laevinus
1088 3431 1416 3514 iussisset,
1463 3430 1821 3497 “maneant
1863 3429 2137 3514 imm0,''
2181 3431 2395 3515 inquit

376 3513 750 3601 Marcellus,
797 3516 927 3583 “ut
969 3540 1183 3585 coram
1216 3519 1302 3584 iis
1340 3519 1794 3603 respondeam,
1832 3518 2089 3602 quando
2128 3538 2207 3582 ea
2244 3540 2394 3584 con-
