2654 3913
636 213 853 268 LLBER
888 213 1080 269 XXIV.
1157 213 1308 268 CAP.
1348 220 1432 269 20.
1472 221 1555 268 21.
1633 215 1704 285 [a.
1746 214 1803 270 O.
1842 216 1971 286 214]
2233 215 2320 280 23

303 364 445 425 tum
489 358 780 424 incedere
819 377 1055 441 agmen
1092 358 1323 440 coepit.
1401 357 1566 421 nihil
1614 357 1707 422 ibi
1753 358 2069 422 violatum
2112 380 2321 443 neque

304 469 574 531 usquam
619 447 728 511 via
783 450 1115 509 excessum
1176 449 1300 528 est3
1359 445 1836 528 apparebatque
1889 467 2022 510 non
2075 447 2141 510 id
2186 468 2321 514 me-

306 536 511 599 destia
546 535 829 598 militum
870 537 984 597 aut
1020 532 1197 597 ducis
1235 553 1298 617 *,
1334 535 1441 599 sed
1476 533 1557 597 ad
1600 533 2031 597 conciliandos
2070 534 2321 599 animos

304 623 800 687 Tarentinorum
836 621 994 685 fieri.
1067 624 1353 685 ceterum
1391 643 1534 685 cum
1575 643 1773 704 prope
1809 621 2146 685 moenibus
2184 642 2321 685 suc·
2362 631 2426 680 11

306 712 607 777 cessisset
650 710 828 775 nullo
878 709 959 773 ad
996 713 1413 792 conspectum
1449 709 1731 792 primum
1769 709 2073 793 agminiS,
2116 713 2191 774 ut
2225 730 2322 772 re-

306 801 526 883 batur,
573 802 755 862 motu
800 797 974 862 facto
1023 801 1235 861 castra
1279 797 1360 861 ab
1407 797 1567 860 urbe
1621 797 1824 860 ferme
1870 819 2099 880 passus
2146 796 2324 860 mille

306 889 499 953 locat.
571 884 836 949 Tarenti
874 884 1086 949 triduo
1127 888 1302 968 ante,
1350 906 1541 967 quam
1578 884 1912 949 Hannibal
1950 885 2031 949 ad
2067 884 2325 949 moenia
2365 894 2432 943 12

308 974 673 1057 accederet,
702 995 740 1036 a
767 971 853 1037 M.
882 972 1146 1038 Valerio
1175 976 1617 1056 propraetore,
1648 973 1756 1056 qui
1786 973 1979 1037 classi
2007 972 2087 1037 ad
2115 971 2324 1037 Brun-

310 1063 546 1127 disium
591 1064 913 1144 praeerat,
967 1060 1202 1124 missus
1249 1060 1335 1124 M.
1381 1059 1600 1124 Livius
1656 1061 1910 1145 inpigre
1958 1060 2325 1143 conscripta
2365 1070 2432 1119 13

307 1152 639 1216 iuventute
670 1148 1130 1233 dispositisque
1161 1148 1240 1211 ad
1265 1169 1487 1212 omnes
1516 1152 1738 1231 portas
1769 1151 2059 1232 circaque
2087 1170 2326 1232 muros,

310 1262 435 1323 qua
480 1259 582 1303 res
627 1236 1028 1321 postulabat,
1076 1235 1469 1300 stationibus
1518 1236 1620 1300 die
1668 1259 1741 1302 ac
1777 1241 1969 1301 nocte
2005 1237 2184 1300 iuxta
2229 1236 2326 1300 in·

308 1331 527 1392 tentus
554 1347 759 1409 neque
796 1324 1096 1389 hostibus
1123 1344 1329 1425 neque
1368 1323 1578 1388 dubiis
1609 1325 1799 1389 sociis
1828 1325 1955 1389 loci
1984 1326 2325 1408 quicquam

309 1414 610 1498 praebuit
626 1414 706 1477 ad
721 1413 1171 1496 temptandam
1188 1413 1338 1478 vim.
1367 1435 1564 1497 quare
1581 1414 1804 1478 diebus
1820 1414 2067 1512 aliquot
2083 1412 2328 1475 frustra
2366 1421 2436 1470 14

311 1502 405 1566 ibi
436 1500 795 1582 absumptis
823 1499 1178 1583 Hannibal,
1208 1520 1355 1564 cum
1385 1520 1605 1563 eorum
1634 1520 1839 1582 nem0,
1870 1500 1977 1581 qui
2007 1498 2087 1562 ad
2115 1499 2329 1563 lacum

311 1588 557 1654 Averni
587 1608 653 1651 se
687 1587 998 1670 adissent,
1036 1591 1149 1651 aut
1183 1587 1311 1671 ipsi
1340 1586 1634 1651 venirent
1671 1590 1785 1650 aut
1819 1586 2120 1651 nuntium
2155 1586 2330 1650 litte-

313 1699 500 1743 rasve
538 1676 897 1759 mitterent,
934 1697 1100 1739 vana
1135 1675 1457 1758 promissa
1494 1696 1562 1739 se
1598 1678 1839 1739 temere
1877 1678 2166 1739 secutum
2199 1695 2329 1738 cer·

313 1788 472 1831 nens
502 1767 716 1830 castra
742 1764 890 1828 inde
918 1764 1147 1847 movit,
1186 1767 1322 1827 tum
1353 1785 1605 1848 quoque
1633 1763 1875 1828 intacto
1906 1782 2063 1847 agro
2095 1762 2438 1826 Taren-15

314 1855 478 1938 tino,
539 1873 927 1936 quamquam
974 1852 1279 1915 simulata
1335 1852 1568 1915 lenitas
1613 1851 1932 1915 nihildum
1977 1851 2332 1935 profuerat,

312 1946 534 2008 tamen
562 1962 674 2023 spe
706 1938 1192 2005 labefactandae
1219 1939 1370 2004 fidei
1396 1939 1568 2004 haud
1598 1939 1936 2005 absistens.
2005 1936 2332 2024 Salapiam

315 2034 388 2094 ut
434 2029 638 2111 venit,
681 2028 1078 2092 frumentum
1127 2049 1201 2091 ex
1250 2029 1423 2112 agris
1470 2028 1915 2111 Metapontino
1964 2031 2157 2109 atque
2202 2026 2331 2092 He-

315 2117 632 2182 racleensi
682 2151 757 2161 -
809 2115 942 2179 iam
981 2114 1159 2178 enim
1206 2121 1416 2180 aestas
1474 2119 1697 2179 exacta
1744 2118 1885 2180 erat
1932 2117 1997 2177 et
2041 2114 2329 2177 hibernis

318 2204 620 2289 placebat
661 2202 840 2267 Iocus
873 2238 950 2249 --
985 2205 1339 2284 conportat.
1409 2204 1789 2304 praedatum
1825 2202 1975 2267 inde
2010 2200 2330 2267 Numidae
2372 2212 2440 2261 16

316 2292 654 2376 Maurique
689 2312 805 2374 per
833 2288 1264 2355 Sallentinum
1303 2310 1532 2374 agrum
1568 2291 2024 2375 proximosque
2051 2289 2331 2374 Apuliae

314 2381 522 2447 saltus
585 2379 865 2463 dimissi,
928 2379 1100 2443 unde
1161 2382 1411 2443 ceterae
1468 2379 1743 2461 praedae
1802 2378 1975 2443 haud
2040 2379 2337 2464 multum,

317 2491 628 2553 equorum
675 2487 905 2551 greges
942 2466 1221 2531 maxime
1260 2466 1502 2550 abacti,
1549 2488 1582 2531 e
1622 2468 1853 2551 quibus
1900 2468 1980 2531 ad
2028 2470 2336 2551 quattuor

317 2557 501 2620 milia
547 2555 866 2619 domanda
912 2554 1239 2638 equitibus
1289 2554 1508 2619 divisa.

417 2641 672 2707 τΧΧΙ.
717 2642 1021 2725 Romani,
1050 2662 1191 2706 cum
1219 2643 1464 2706 bellum
1489 2663 1894 2725 nequaquam
1923 2646 2333 2707 contemnen-
2374 2651 2404 2700 1

319 2733 470 2797 dum
515 2732 585 2795 in
633 2726 856 2794 Sicilia
903 2732 1192 2794 oreretur
1238 2751 1539 2813 morsque
1585 2729 1844 2813 tyranni
1887 2728 2078 2793 duces
2125 2729 2336 2815 magis

319 2820 610 2903 inpigros
659 2818 943 2883 dedisset
990 2815 1441 2901 Syracusanis,
1490 2839 1683 2901 quam
1731 2838 1990 2881 causam
2039 2820 2155 2881 aut
2200 2816 2338 2881 ani-

322 2929 460 2972 mos
507 2909 852 2989 mutasset,
898 2903 985 2969 M.
1021 2904 1331 2971 Marcello
1378 2905 1570 2969 alteri
1617 2906 1952 2970 consulum
2001 2927 2142 2970 eam
2186 2927 2336 3008 pro·

323 2995 598 3059 vinciam
626 2994 990 3060 decernunt.
1050 2994 1395 3059 secundum
1424 2992 1806 3078 Hieronymi
1835 2994 2093 3059 caedem
2122 2995 2335 3098 primo
2374 3006 2408 3054 2

323 3082 782 3147 tumultuatum
851 3081 921 3145 in
981 3080 1315 3147 Leontinis
1379 3082 1549 3164 apud
1603 3083 1841 3148 milites
1895 3082 2110 3146 fuerat
2171 3085 2338 3149 voci-

320 3170 724 3252 feratumque
768 3169 1069 3234 ferociter
1113 3170 1583 3258 parentandum
1631 3171 1770 3255 regi
1831 3170 2142 3253 sanguine
2189 3192 2337 3233 con-

320 3259 682 3323 iuratorum
711 3277 868 3323 esse.
931 3257 1153 3321 deinde
1183 3236 1505 3322 libertatis
1534 3259 1873 3323 restitutae
1905 3257 2082 3320 dulce
2112 3256 2408 3320 auditus

320 3367 556 3411 nomen
603 3344 825 3410 crebro
871 3349 1277 3429 usurpatum,
1325 3366 1473 3427 spes
1520 3345 1692 3409 faeta
1737 3367 1812 3408 ex
1849 3342 2119 3427 pecunia
2156 3348 2337 3429 regia

320 3432 688 3517 largitionis
726 3431 999 3497 militiae
1046 3455 1123 3497 ue
1160 3433 1271 3497 fun
1325 3431 1522 3496 endae
1566 3431 1926 3513 potioribus
1966 3428 2232 3496 ducibus
2274 3436 2339 3497 et

318 3521 528 3586 relata
564 3521 819 3605 tyranni
858 3454 1807 3600 foeffifoedioresque
1844 3515 2144 3583 libidines
2178 3520 2340 3584 adeo
