2654 3913
340 223 468 286 100
636 222 852 277 LIBER
887 222 1057 277 XXV.
1132 222 1284 278 CAP.
1324 229 1409 278 35.
1450 229 1533 279 36.
1611 225 1684 295 [a.
1726 225 1790 280 U.
1829 242 1874 280 c.
1915 227 2044 298 542]

263 377 295 426 3
331 365 505 431 haud
544 365 740 431 dubia
774 387 998 449 parem
1034 367 1374 432 victoriam
1411 371 1837 452 expectantes·
1909 369 1989 434 ad
2019 369 2349 437 Romanos

331 454 619 520 nondum
679 455 939 539 quidem
995 453 1173 519 fama
1228 458 1454 520 tantae
1509 456 1710 521 cladis
1765 462 2178 542 pervenerat,
2237 461 2351 525 sed

336 547 657 607 maestum
712 542 1036 627 quoddam
1091 543 1422 607 silentium
1474 547 1616 608 erat
1661 548 1727 609 et
1770 546 1973 611 tacita
2016 546 2349 632 divinatio,

335 632 544 714 qualis
616 632 746 696 iam
821 630 1376 714 praesagientibus
1451 632 1684 696 animis
1754 633 2123 699 inminentis
2188 637 2348 700 mali

263 730 296 777 4
335 740 475 783 esse
514 718 697 784 solet.
761 718 1118 802 imperator
1151 718 1310 802 ipse,
1345 722 1798 804 praeterquam
1839 722 2007 805 quod
2037 723 2118 786 ab
2152 724 2344 789 sociis

334 829 402 872 se
449 807 791 890 desertum,
836 807 1122 870 hostium
1167 810 1425 872 tantum
1470 812 1694 874 auctas
1742 812 1962 894 copias
2008 809 2345 894 sentiebat,

333 894 700 958 coniectura
757 894 954 958 etiam
1011 897 1078 958 et
1131 895 1387 959 ratione
1440 895 1520 959 ad
1567 897 2000 980 suspicionem
2046 903 2343 984 acceptae

333 979 532 1046 cladis
609 1001 802 1065 quam
876 980 956 1045 ad
1026 982 1229 1046 ullam
1300 983 1540 1048 bonam
1607 1006 1790 1068 spem
1853 986 2118 1067 pronior
2182 993 2345 1053 erat:

262 1079 293 1127 5
333 1089 611 1152 quonam
665 1069 855 1133 modo
913 1069 1082 1134 enim
1139 1069 1615 1135 Hasdrubalem
1672 1094 1744 1136 ac
1790 1072 2188 1158 Magonem,
2218 1077 2346 1141 nisi

331 1155 664 1222 defunctos
702 1179 819 1222 suo
856 1157 1050 1241 bello,
1089 1158 1228 1223 sine
1267 1160 1618 1224 certamine
1654 1159 1964 1225 adducere
1994 1162 2345 1228 exercitum

262 1255 294 1303 6
329 1244 666 1330 potuisse?
710 1266 837 1329 quo
875 1246 1065 1311 modo
1104 1250 1318 1312 autem
1354 1268 1487 1312 non
1523 1247 1858 1313 obstitisse
1897 1252 2012 1313 aut
2046 1251 2126 1314 ab
2155 1254 2343 1335 tergo

332 1337 625 1406 secutum
660 1333 946 1419 fratrem,
991 1338 1082 1418 ut,
1128 1336 1183 1401 si
1220 1335 1583 1420 prohibere,
1621 1357 1746 1420 quo
1785 1335 2000 1406 minus
2038 1337 2107 1401 in
2142 1360 2343 1403 unum

332 1421 578 1487 coirent
615 1426 680 1489 et
717 1423 909 1489 duces
949 1427 1014 1487 et
1051 1424 1367 1489 exercitus
1405 1424 1712 1507 hostium,
1755 1446 1889 1490 non
1922 1430 2163 1510 posset,
2205 1427 2345 1510 ipse

263 1519 292 1567 7
333 1514 505 1577 certe
551 1533 697 1578 cum
740 1511 940 1578 fratre
986 1513 1405 1595 coniungeret
1441 1512 1709 1597 copias?
1759 1512 1864 1579 his
1912 1515 2139 1579 anxius
2178 1516 2344 1581 curis
2451 1553 2460 1559 ·

330 1599 398 1663 id
434 1600 626 1666 modo
669 1622 809 1665 esse
837 1600 1117 1665 salutare
1144 1601 1213 1664 in
1238 1620 1545 1683 praesens
1577 1602 1892 1683 credebat,
1931 1603 2152 1667 cedere
2178 1603 2346 1686 inde,

331 1691 647 1770 quantum
690 1689 935 1771 posset3
986 1691 1052 1750 et
1096 1708 1230 1751 una
1270 1690 1463 1750 nocte
1508 1686 1755 1768 ignaris
1800 1687 2098 1753 hostibus
2147 1694 2214 1754 et
2259 1691 2342 1754 ob

260 1783 295 1832 8
330 1774 399 1838 id
443 1775 676 1856 quietis
725 1772 1126 1855 aliquantum
1175 1792 1470 1837 emensus
1518 1777 1619 1836 est
1662 1772 1805 1836 iter.
1895 1773 2037 1838 luce
2083 1778 2157 1838 ut
2202 1796 2341 1840 sen·

328 1864 552 1925 serunt
593 1857 936 1944 profectos,
981 1858 1201 1923 hostes
1247 1858 1620 1940 praemissis
1658 1856 1957 1925 Numidis
1995 1882 2188 1944 quam
2224 1884 2341 1944 po-

325 1951 543 2013 terant
596 1947 874 2013 maxime
929 1947 1128 2013 citato
1186 1946 1444 2032 agmine
1500 1948 1680 2033 sequi
1734 1952 2100 2033 coeperunt.
2190 1955 2341 2017 ante

322 2041 584 2103 noctem
648 2035 935 2102 adsecuti
996 2036 1316 2103 Numidae
1379 2058 1550 2102 nunc
1614 2037 1693 2102 ab
1756 2038 1975 2122 tergo,
2042 2060 2211 2105 nunc
2275 2040 2344 2103 in

330 2126 541 2192 latera
565 2125 964 2191 incursantes
994 2126 1345 2191 consistere
1373 2129 1724 2210 coegerunt
1751 2147 1828 2190 ac
1856 2127 2062 2192 tutari
2085 2146 2343 2212 agmen3

260 2227 292 2276 9
332 2219 643 2297 quantum
686 2219 955 2297 possent
996 2218 1215 2279 tamen
1249 2217 1413 2297 tuto,
1456 2218 1531 2279 ut
1568 2213 1763 2279 simul
1799 2220 2165 2300 pugnarent
2199 2237 2343 2298 pro·

330 2301 778 2386 cederentque,
839 2301 1055 2386 Scipio
1111 2301 1522 2385 hortabatur,
1578 2301 1955 2383 priusquam
2010 2302 2342 2385 pedestres

262 2390 297 2451 ι’
331 2389 553 2472 copiae
601 2388 1115 2472 adsequerentur.
1185 2387 1485 2452 XXXVI.
1531 2392 1813 2453 ceterum
1857 2410 2029 2453 nunc
2076 2389 2343 2474 agendo,

328 2498 498 2542 nunc
542 2476 920 2543 sustinendo
968 2495 1204 2560 agmen
1241 2497 1384 2540 cum
1422 2474 1824 2559 aliquamdiu
1857 2474 2032 2541 haud
2067 2478 2343 2542 multum
2385 2552 2402 2565 ,

259 2579 292 2628 2
329 2566 781 2650 procederetur
836 2569 902 2630 et
961 2586 1091 2630 nox
1143 2563 1291 2629 iam-
1331 2565 1632 2646 instaret,
1685 2567 1947 2629 revocat
2001 2585 2045 2629 a
2096 2567 2341 2650 proelio

332 2677 482 2721 suos
539 2653 755 2737 Scipio
817 2657 883 2719 et
941 2652 1263 2719 conlectos
1321 2652 1393 2717 in
1450 2651 1770 2717 tumulum
1832 2653 2154 2736 quendam
2210 2676 2343 2719 non

330 2743 588 2829 quidem
634 2742 798 2807 satis
841 2745 1084 2826 tutum,
1127 2741 1512 2824 praesertim
1559 2740 1808 2824 agmini
1852 2742 2191 2823 perculso,·
2215 2740 2343 2804 edi—

156 2916 159 2917 ?
262 2846 294 2895 3
330 2833 567 2899 tiorem
611 2834 859 2911 tamen,
905 2851 1100 2915 quam
1146 2832 1357 2894 cetera
1402 2828 1569 2893 circa
1614 2832 1819 2912 erant,
1865 2828 2180 2892 subducit.
2251 2828 2343 2891 ibi

333 2921 544 3007 primo
608 2917 1086 3004 impedimentis
1142 2921 1208 2980 et
1261 2916 1551 2999 equitatu
1605 2915 1675 2980 in
1730 2915 2012 2980 medium
2065 2916 2342 3000 receptis

336 3006 716 3074 circumdati
768 3006 1014 3089 pedites
1069 3003 1246 3067 haud
1300 3004 1646 3070 difficulter
1689 3002 1968 3087 impetus
2015 3003 2341 3070 incursan-

265 3110 301 3158 4
335 3097 503 3162 tium
527 3093 957 3162 Numidarum
985 3093 1317 3176 arcebant3
1348 3091 1514 3174 dein,
1539 3094 1887 3174 postquam
1915 3094 2056 3157 toto
2087 3092 2343 3178 agmine

335 3190 469 3251 tres
514 3184 938 3267 imperatores
983 3202 1128 3246 cum
1172 3180 1384 3245 tribus
1423 3179 1612 3244 iustis
1651 3179 2039 3245 exercitibus
2079 3182 2344 3246 aderant

339 3273 812 3358 apparebatque
871 3289 1102 3354 parum
1166 3266 1363 3332 armis
1429 3266 1510 3331 ad
1573 3267 1883 3339 tuendum
1937 3268 2151 3334 locum
2207 3268 2342 3332 sine

270 3373 304 3423 ⁶
339 3363 743 3427 munimento
797 3359 1115 3424 valituros
1170 3377 1340 3438 esse,
1394 3355 1925 3438 circumspectare
1971 3360 2163 3439 atque
2208 3354 2342 3437 agi-

339 3452 478 3512 tare
536 3450 665 3513 dux
719 3448 965 3531 coepit,
1012 3445 1068 3510 si
1115 3464 1240 3529 quo
1287 3443 1480 3508 modo
1525 3447 1748 3526 posset
1791 3443 2034 3507 vallum
2081 3443 2344 3507 circum·

340 3534 524 3602 icere.
598 3534 708 3598 sed
755 3538 897 3598 erat
941 3533 1099 3598 adeo
1144 3531 1352 3597 nudus
1397 3531 1683 3597 tumulus
1729 3534 1795 3595 et
1839 3529 2051 3615 asperi
2092 3530 2231 3615 soli,
2275 3533 2348 3595 ut
