2654 3913
665 191 881 246 LIBER
913 191 1083 246 XXV.
1158 191 1307 247 OAP,
1348 198 1396 248 9.
1437 199 1521 246 10.
1595 193 1669 264 [a.
1709 192 1767 250 C.
1805 198 1933 265 212]
2222 194 2305 258 67

294 337 457 403 duos
502 336 766 401 iuvenes
815 340 1071 402 secutus
1118 337 1258 421 ipse
1313 357 1459 400 cum
1514 336 1813 419 expedito
1867 341 2173 402 venatore
2219 340 2309 404 vi-

294 427 495 510 gilem
529 424 854 489 incautius
892 425 1201 489 miraculo
1238 424 1704 508 magnitudinis
1740 426 1810 489 in
1851 447 1987 508 eOS,
2016 426 2126 511 qui
2155 426 2309 490 fere·

292 515 481 597 bant,
517 534 773 577 versum
808 513 1129 578 venabulo
1166 512 1403 577 traicit.
1463 513 1740 598 ingressi
1777 513 2003 578 deinde
2036 514 2309 597 triginta
2350 523 2414 573 15

293 602 428 666 fere
483 602 721 665 armati
776 605 1022 666 ceteros
1078 600 1315 684 vigiles
1379 601 1771 666 obtruncant
1821 601 2309 686 refringuntque

294 693 551 773 portam
596 689 984 771 proximam,
1032 691 1098 752 et
1144 710 1382 773 agmen
1426 690 1544 753 sub
1592 689 1796 773 signis
1835 689 2177 754 confestim
2213 691 2311 754 in-

293 779 490 863 rupit.
562 778 711 842 inde
739 799 885 842 cum
924 776 1182 841 silentio
1222 777 1290 841 in
1325 777 1539 840 forum
1576 777 1751 841 ducti
1786 777 2142 842 Hannibali
2172 799 2311 843 sese

296 867 782 931 coniunxerunt.
844 869 984 929 tum
1022 864 1147 929 duo
1185 865 1369 929 milia
1405 863 1742 929 Gallorum
1777 865 2032 930 Poenus
2069 866 2137 929 in
2176 870 2307 930 tres
2347 875 2411 924 16

297 954 508 1018 divisa
562 953 767 1036 partis
823 974 940 1036 per
991 953 1219 1017 urbem
1275 953 1548 1017 dimittit
1590 952 2090 1036 Tarentinosque
2136 956 2314 1019 duces

297 1042 563 1124 sinyulis
615 1041 905 1123 partibus
957 1042 1133 1106 addit
1189 1041 1375 1106 binos,
1471 1041 1707 1107 itinera
1763 1063 1956 1126 quam
2015 1065 2313 1107 maxume

297 1129 660 1213 frequentia
689 1129 987 1213 occupari
1015 1129 1215 1212 iubet,
1240 1128 1523 1193 tumultu
1550 1132 1693 1194 orto
1712 1128 2039 1195 Romanos
2067 1132 2309 1214 passim
2352 1143 2416 1191 17

301 1218 505 1300 caedi,
536 1218 874 1302 oppidanis
912 1217 1111 1300 parci.
1185 1216 1294 1280 sed
1323 1219 1401 1281 ut
1434 1217 1577 1281 fieri
1612 1218 1679 1281 id
1715 1221 1960 1301 posset,
1996 1219 2315 1303 praecipit

299 1268 641 1371 iuvenibus
679 1305 1072 1387 Tarentinis,
1115 1308 1216 1387 ut,
1261 1304 1376 1369 ubi
1419 1327 1611 1389 quem
1654 1326 1916 1369 suorum
1951 1307 2177 1390 procul
2221 1308 2313 1372 vi-

299 1395 571 1475 dissent,
619 1394 946 1477 quiescere
992 1413 1067 1456 ac
1113 1393 1304 1457 silere
1352 1414 1426 1456 ac
1470 1393 1641 1456 bono
1690 1393 1902 1457 animo
1950 1414 2091 1457 esse
2135 1394 2310 1457 iube·

299 1485 464 1546 rent.
552 1480 631 1545 X.
677 1482 808 1544 iam
844 1481 1162 1544 tumultus
1201 1482 1343 1544 erat
1378 1480 1777 1563 clamorque,
1822 1479 2033 1563 qualis
2071 1501 2211 1545 esse
2246 1481 2312 1544 in
2354 1493 2382 1540 1

302 1573 494 1653 capta
538 1569 697 1632 urbe
744 1569 936 1650 solet3
985 1568 1122 1651 sed,
1168 1568 1323 1652 quid
1369 1568 1463 1632 rei
1511 1572 1709 1650 esset,
1752 1589 1941 1632 nemo
1990 1568 2151 1633 satis
2198 1591 2313 1651 pro

303 1661 480 1722 certo
519 1656 701 1721 scire.
774 1655 1106 1721 Tarentini
1140 1655 1472 1721 Romanos
1509 1655 1591 1721 ad
1629 1656 2056 1740 diripiendam
2089 1657 2314 1721 urbem
2351 1672 2384 1716 2

302 1745 556 1810 credere
611 1748 894 1827 coortos3
954 1743 1265 1809 Romanis
1325 1744 1553 1809 seditio
1612 1744 1828 1829 aliqua
1889 1766 2034 1810 cum
2092 1744 2316 1810 fraude

302 1834 504 1898 videri
550 1835 631 1898 ab
680 1833 1020 1918 oppidanis
1066 1836 1264 1898 mota.
1336 1833 1697 1916 praefectus
1742 1834 1951 1916 primo
1999 1834 2316 1899 excitatus
2354 1845 2387 1893 3

301 1921 586 1987 tumultu
637 1922 710 1986 in
762 1926 1025 2005 portum
1079 1921 1331 2007 effugit3
1386 1921 1534 1986 inde
1590 1925 1890 2006 acceptus
1948 1923 2190 2007 scapha
2245 1922 2316 1987 in

306 2031 520 2074 arcem
546 2010 1062 2074 circumvehitur.
1109 2031 1394 2074 errorem
1424 2015 1491 2075 et
1516 2010 1675 2075 tuba
1703 2009 1926 2074 audita
1953 2031 2031 2074 ex
2057 2011 2315 2075 theatro
2353 2020 2388 2069 4

304 2096 614 2181 faciebat,
657 2119 809 2160 nam
855 2101 921 2160 et
955 2096 1249 2161 Romana
1285 2101 1426 2162 erat
1438 2147 1456 2180 ,
1502 2119 1542 2162 a
1585 2096 2030 2181 proditoribus
2068 2097 2150 2160 ad
2194 2097 2317 2161 hoc

304 2187 520 2271 ipsum
568 2189 980 2269 praeparata,
1028 2189 1093 2249 et
1126 2186 1474 2251 inscienter
1519 2208 1559 2250 a
1596 2183 1841 2250 Graeco
1879 2184 2127 2268 inflata,
2174 2186 2317 2269 quis

305 2278 419 2338 aut
463 2273 695 2358 quibus
743 2274 1004 2357 signum
1049 2273 1258 2359 daret,
1303 2275 1622 2339 incertum
1660 2273 1998 2338 efficiebat.
2065 2272 2178 2337 ubi
2223 2273 2316 2336 in·
2356 2283 2387 2332 5

304 2363 494 2446 luxit,
531 2367 597 2427 et
633 2362 944 2427 Romanis
972 2361 1214 2428 Punica
1246 2366 1312 2427 et
1340 2361 1592 2427 Gallica
1620 2385 1800 2428 arma
1828 2362 2093 2448 cognita
2121 2363 2315 2442 [tum]

304 2450 778 2515 dubitationem
838 2455 1211 2515 exemerunt
1270 2454 1337 2515 et
1397 2449 1627 2515 Graeci
1683 2450 2015 2516 Romanos
2074 2450 2320 2535 passim

307 2537 499 2602 caede
553 2541 796 2600 stratos
849 2542 1180 2601 cernentes
1241 2538 1323 2601 ab
1372 2536 1738 2601 Hannibale
1792 2541 2051 2619 captam
2094 2538 2321 2600 urbem

309 2625 664 2688 senserunt.
733 2626 1078 2705 postquam
1121 2624 1235 2685 lux
1281 2623 1520 2685 certior
1565 2626 1705 2685 erat
1751 2626 1816 2685 et
1859 2623 2165 2704 Romani,
2212 2625 2321 2704 qui
2358 2636 2391 2684 6

311 2712 612 2777 caedibus
643 2710 1119 2793 superfuerant,
1154 2709 1224 2771 in
1252 2729 1465 2772 arcem
1503 2707 1931 2791 confugerant
1958 2707 2323 2773 conticisce-

306 2801 550 2885 batque
603 2797 923 2883 paulatim
975 2797 1320 2880 tumultus,
1374 2798 1513 2859 tum
1558 2794 1887 2860 Hannibal
1936 2795 2322 2861 Tarentinos

310 2890 446 2952 sine
493 2888 691 2953 armis
747 2907 1097 2953 convocare
1151 2885 1353 2950 iubet.
1443 2905 1792 2948 convenere
1849 2906 2096 2967 omnes,
2140 2907 2323 2970 prae-
2362 2899 2393 2947 ‘1

309 2979 604 3059 terquam
655 2977 765 3060 qui
821 2975 1104 3041 cedentis
1159 2974 1227 3038 in
1283 2994 1498 3037 arcem
1543 2972 1874 3038 Romanos
1931 2973 2010 3039 ad
2068 2994 2323 3038 omnem

311 3064 668 3128 adeundam
713 3063 904 3128 simul
948 3064 1276 3129 fortunam
1321 3063 1642 3145 persecuti
1677 3062 1950 3127 fuerant.
2021 3060 2115 3126 ibi
2151 3061 2323 3126 Han·
2360 3074 2393 3122 8

308 3152 490 3217 nibal
535 3151 810 3235 benigne
857 3152 1195 3218 adlocutus
1244 3150 1629 3216 Tarentinos
1675 3154 2107 3233 testatusque,
2161 3171 2324 3232 quae

309 3238 744 3326 praestitisset
780 3240 1026 3305 civibus
1065 3261 1312 3322 eorum,
1353 3260 1516 3324 quos
1554 3238 1634 3302 ad
1661 3238 2175 3302 Trasumennum
2213 3241 2326 3299 aut

312 3330 394 3394 ad
430 3327 689 3395 Cannas
725 3326 1024 3411 cepisset,
1071 3327 1262 3392 simul
1307 3327 1378 3391 in
1424 3326 1932 3391 dominationem
1979 3324 2325 3407 superbam
2361 3335 2389 3383 9

310 3417 755 3483 Romanorum
792 3415 1081 3479 invectus
1092 3466 1110 3499 ,
1145 3415 1430 3499 recipere
1459 3435 1528 3479 se
1555 3414 1625 3478 in
1661 3414 2075 3478 domos'suas
2113 3433 2348 3497 quem*

313 3528 434 3590 que
473 3503 664 3571 iussit
693 3505 759 3569 et
793 3503 1043 3569 foribus
1078 3524 1315 3567 nomen
1354 3523 1540 3566 suum
1576 3502 1952 3567 inscribere:
1990 3523 2059 3566 se
2098 3500 2323 3568 domos

1828 3606 1901 3658 ὅ*
