2654 3913
356 216 484 278 134
652 212 863 267 ussa
898 211 1092 266 xxvi
1168 212 1319 269 CAP.
1363 219 1445 268 18.
1486 219 1566 267 ιε.
1643 213 1717 283 [a.
1757 214 1821 268 U.
1860 230 1906 267 ο.
1945 214 2073 284 543]

354 356 628 441 scendit3
673 361 867 440 atque
905 356 975 420 in
1012 356 1435 441 magistratus
1470 358 1643 421 versi
1678 357 2221 441 circumspectant
2257 379 2372 422 ora

353 444 717 529 principum
776 444 1053 509 aliorum
1099 444 1263 509 alios
1308 444 1703 510 intuentium
1746 444 2157 529 fremuntque
2211 444 2370 510 adeo

356 532 642 615 perditas
672 555 775 599 res
805 532 1343 616 desperatumque
1380 532 1459 597 de
1486 554 1555 596 re
1583 532 1846 616 publica
1872 554 2042 618 esse,
2078 537 2154 599 ut
2178 554 2369 598 nemo

286 630 316 678 '1
355 621 588 686 audeat
631 622 701 685 in
743 620 1131 704 Hispaniam
1183 620 1529 704 imperium
1586 620 1899 706 accipere,
1952 643 2098 686 cum
2151 620 2370 686 subito

353 707 422 773 P.
478 707 840 793 Cornelius,
893 708 968 773 P.
1023 707 1316 793 Cornelii,
1372 708 1484 793 qui
1534 708 1606 774 in
1659 707 1982 793 Hispania
2035 708 2370 793 ceciderat,

354 796 553 880 filius,
590 801 899 881 quattuor
935 801 1002 861 et
1031 796 1271 882 viginti
1306 796 1508 861 ferme
1546 817 1751 863 annos
1787 800 2005 882 natus,
2040 796 2369 882 professus

357 904 425 948 se
469 888 687 967 petere
723 886 792 949 in
827 884 1185 968 superiore,
1231 884 1398 949 unde
1435 885 1720 969 conspici
1755 890 2003 970 posset,
2039 886 2183 952 loco
2219 906 2370 951 con-

285 982 320 1031 8
357 970 547 1037 stitit.
614 972 684 1037 in
730 994 920 1056 quem
965 976 1308 1056 postquam
1355 974 1644 1038 omnium
1691 994 1805 1039 ora
1851 994 2161 1040 conversa
2203 976 2372 1057 sunt,

357 1059 639 1125 clamore
676 1081 750 1125 ac
785 1060 1009 1126 favore
1038 1061 1310 1125 ominati
1338 1061 1657 1144 extemplo
1695 1066 1848 1125 sunt
1872 1059 2030 1125 felix
2057 1063 2372 1127 faustum-

286 1157 318 1206 9
358 1168 479 1231 que
523 1147 882 1232 imperium.
961 1146 1122 1213 iussi
1168 1148 1395 1213 deinde
1430 1148 1597 1214 inire
1635 1148 2013 1232 suffragium
2051 1149 2136 1213 ad
2171 1171 2371 1213 unum

357 1256 582 1302 omnes
626 1258 759 1301 non
804 1237 1129 1303 centuriae
1174 1236 1369 1302 modo
1415 1236 1528 1302 sed
1564 1236 1763 1301 etiam
1797 1235 2091 1301 homines
2128 1235 2198 1300 P.
2237 1235 2371 1301 Sci-

257 1334 325 1383 10
359 1324 541 1407 pioni
585 1325 929 1409 imperium
976 1346 1115 1390 esse
1171 1325 1242 1389 in
1286 1323 1609 1409 Hispania
1660 1325 2001 1390 iusserunt.
2089 1327 2371 1389 ceterum

359 1416 511 1496 post
554 1436 690 1478 rem
736 1418 975 1497 actam,
1020 1417 1094 1478 ut
1137 1413 1269 1477 iam
1316 1414 1641 1478 resederat
1680 1414 1963 1497 impetus
2010 1412 2373 1479 animorum

360 1501 702 1587 ardorque,
750 1501 1079 1567 silentium
1134 1500 1350 1566 subito
1399 1506 1616 1566 ortum
1663 1505 1730 1567 et
1783 1502 1987 1567 tacita
2039 1501 2374 1588 cogitatiO,

361 1589 665 1672 quidnam
711 1588 1041 1675 egissent?
1129 1610 1340 1653 nonne
1386 1589 1573 1653 favor
1616 1590 1766 1673 plus
1813 1589 2126 1655 valuisset
2180 1611 2374 1674 quam

255 1687 319 1735 11
358 1676 573 1741 ratio?
665 1678 898 1741 aetatis
944 1676 1221 1739 maxime
1274 1676 1673 1759 paenitebat3
1729 1677 1993 1759 quidam
2045 1677 2375 1743 fortunam

359 1764 556 1827 etiam
603 1764 832 1827 domus
877 1761 1231 1826 horrebant
1273 1783 1633 1844 nomenque
1681 1784 1759 1826 ex
1802 1763 2077 1827 funestis
2124 1765 2372 1829 duabus

358 1849 624 1913 familiis
654 1849 725 1913 in
743 1870 852 1913 eas
870 1848 1254 1932 provincias,
1271 1849 1388 1913 ubi
1404 1849 1576 1913 inter
1594 1850 1891 1933 sepulcra
1906 1850 2111 1934 patris
2129 1853 2374 1935 patrui-

291 1949 319 1996 1
361 1958 481 2021 que
535 1959 641 2003 res
695 1937 1009 2023 gerendae
1065 1939 1307 2023 essent,
1361 1937 1844 2023 proficiscentis.
1942 1937 2118 2005 XIX.
2178 1962 2372 2025 quam

357 2026 470 2091 ubi
515 2026 600 2092 ab
644 2048 714 2091 re
759 2029 944 2092 tanto
991 2027 1238 2110 impetu
1285 2031 1434 2092 acta
1478 2027 1981 2094 sollicitudinem
2027 2050 2374 2114 curamque

359 2113 697 2180 hominum
735 2115 1220 2200 animadvertit,
1257 2115 1573 2181 advocata
1601 2117 1903 2183 contione
1930 2118 2025 2183 ita
2052 2117 2130 2182 de
2158 2121 2373 2184 aetate

361 2225 478 2267 sua
503 2203 902 2287 imperioque
930 2203 1237 2269 mandato
1269 2208 1335 2269 et
1360 2205 1562 2288 bello,
1600 2204 1771 2287 quod
1798 2205 2158 2289 gerundum
2186 2211 2374 2290 esset,

292 2301 324 2348 2
364 2309 599 2372 magno
650 2290 946 2372 elatoque
989 2291 1204 2355 animo
1242 2291 1573 2372 disseruit,
1610 2296 1683 2355 ut
1721 2292 2017 2356 ardorem
2053 2313 2225 2376 eum,
2264 2294 2373 2377 qui

358 2375 710 2460 resederat,
758 2376 1066 2441 excitaret
1109 2398 1333 2441 rursus
1378 2381 1776 2460 novaretque
1820 2383 1877 2443 et
1920 2379 2220 2461 impleret
2261 2380 2373 2445 ho-

357 2463 563 2528 mines
627 2463 918 2529 certioris
983 2464 1147 2548 spei,
1214 2485 1409 2547 quam
1475 2466 1786 2548 quantam
1849 2465 2007 2530 fides
2068 2467 2375 2550 promissi

287 2563 320 2612 3
358 2552 627 2618 humani
671 2554 786 2618 aut
819 2551 990 2618 ratio
1029 2575 1107 2617 ex
1144 2551 1374 2617 fiducia
1408 2574 1624 2617 rerum
1663 2552 1950 2620 subicere
1986 2555 2174 2621 solet.
2250 2555 2375 2623 fuit

361 2641 533 2706 enim
567 2638 783 2725 Scipio
820 2663 954 2706 non
991 2641 1158 2706 veris
1195 2644 1453 2706 tantum
1488 2641 1844 2708 virtutibus
1878 2642 2224 2728 mirabilis,
2263 2646 2374 2710 sed

361 2733 501 2794 arte
531 2751 785 2813 quoque
814 2730 1089 2814 quadam
1119 2730 1199 2795 ab
1228 2729 1495 2795 iuventa
1525 2730 1592 2794 in
1623 2731 2126 2796 ostentationem
2152 2753 2373 2798 earum

287 2827 326 2876 4
361 2818 759 2901 compositus
770 2868 788 2901 ,
842 2817 1149 2901 pleraque
1205 2818 1378 2901 apud
1431 2817 1912 2884 multitudinem
1968 2823 2082 2884 aut
2132 2825 2207 2885 ut
2260 2843 2374 2906 per

358 2908 706 2969 nocturnas
750 2905 894 2969 visa
936 2905 1182 2989 species
1238 2908 1355 2970 aut
1397 2906 1576 2971 velut
1621 2906 1930 2971 divinitus
1976 2911 2192 2972 mente
2238 2931 2375 2976 mo-

358 2990 500 3054 nita
553 3011 778 3076 agens,
834 2992 970 3057 sive
1033 2996 1100 3056 et
1153 2992 1291 3075 ipse
1346 2994 1523 3077 capti
1578 2995 1858 3079 quadam
1911 2997 2373 3079 superstitione

360 3076 587 3162 animi,
632 3079 767 3143 sive
813 3082 888 3142 ut
931 3079 1206 3162 imperia
1249 3081 1648 3165 consiliaque
1685 3083 1866 3147 velut
1911 3087 2088 3149 sorte
2129 3087 2375 3151 oraculi

289 3177 323 3226 6
362 3167 561 3232 missa
587 3167 724 3232 sine
752 3166 1162 3233 cunctatione
1198 3171 1716 3252 exsequerentur.
1790 3170 1872 3236 ad
1906 3171 2032 3238 hoc
2067 3172 2198 3238 iam
2225 3174 2373 3239 inde

363 3256 443 3321 ab
501 3254 685 3321 initio
741 3277 1134 3340 praeparans
1193 3256 1469 3341 animos,
1525 3277 1604 3322 ex
1659 3279 1786 3341 quo
1841 3263 2068 3343 togam
2122 3261 2371 3326 virilem

361 3344 664 3428 sumpsit,
707 3340 890 3410 nullo
908 3345 1039 3410 “die
1086 3342 1277 3428 prius¹
1308 3342 1515 3410 {silam
1559 3346 1889 3429 publicam
1925 3350 2371 3432 privatamque

358 3448 495 3492 rem
533 3433 695 3514 egit,
732 3453 926 3516 quam
964 3432 1032 3497 in
1068 3431 1466 3517 Capitolium
1501 3433 1627 3499 iret
1656 3434 2113 3520 ingressusque
2148 3435 2373 3502 aedem

358 3516 724 3582 consideret
779 3523 845 3583 et
899 3521 1275 3604 plerumque
1321 3522 1498 3587 solus
1544 3521 1616 3587 in
1661 3526 1908 3588 secreto
1963 3523 2058 3587 ibi
2113 3526 2374 3608 tempus
