2654 3913
905 826 1201 929 -TITI
1284 828 1589 931 LIVI
1661 797 1664 798 *

735 999 872 1074 AB
934 1001 1211 1074 URBE
1287 1000 1758 1074 CONDITA

1013 1143 1230 1198 LIBER
1285 1143 1482 1199 XXVI.

729 1390 1173 1457 PERIOOHA
1237 1388 1476 1453 LIBRI
1540 1388 1777 1455 XXVI.

386 1509 670 1563 Hannibal
716 1510 790 1564 ad
833 1510 1067 1563 tertium
1102 1486 1352 1577 lapidem
1390 1508 1462 1561 ab
1499 1508 1637 1562 urbe
1673 1509 1853 1562 Roma
1894 1525 2059 1578 super
2093 1512 2260 1564 Anie-

244 1598 372 1636 nem
409 1582 596 1633 castra
630 1579 836 1648 posuit.
909 1578 1031 1649 ipse
1072 1596 1199 1633 cum
1243 1578 1463 1632 duobus
1509 1578 1740 1633 milibus
1788 1579 2041 1647 equitum
2085 1597 2261 1648 usque

246 1652 318 1705 ad
355 1650 538 1719 ipsam
568 1649 848 1719 Capenam
874 1653 1119 1718 portam,
1157 1652 1222 1704 ut
1258 1649 1431 1730 situm
1467 1648 1621 1704 urbis
1661 1649 1992 1719 exploraret,
2033 1651 2261 1719 obequi-

245 1720 406 1778 tavit.
472 1721 536 1776 et
565 1738 690 1774 cum
725 1737 827 1790 per
852 1720 1101 1775 triduum
1137 1719 1198 1774 in
1234 1718 1423 1775 aciem
1448 1719 1730 1789 utrimque
1767 1721 2043 1776 exercitus
2081 1723 2262 1777 omnis

245 1792 651 1858 descendisset,
692 1793 974 1846 certamen
1009 1792 1314 1860 tempestas
1354 1789 1604 1857 diremit3
1647 1808 1779 1846 nam
1816 1809 1943 1847 cum
1977 1792 2039 1847 in
2075 1796 2263 1848 castra

158 1908 165 1916 .
245 1862 506 1929 redisset,
541 1861 742 1917 statim
788 1862 1060 1919 serenitas
1107 1864 1242 1918 erat.
1320 1861 1398 1924 Ca
1436 1879 1511 1916 ua
1547 1864 1714 1931 capta
1760 1866 1846 1917 est
1893 1880 1927 1917 a
1963 1864 2025 1929 Q.
2062 1864 2260 1920 Fulvio

246 1936 304 1988 et
338 1934 442 2004 Ap.
473 1932 709 1989 Claudio
748 1933 1084 1988 consulibus.
1140 1879 1861 2003 princffle'gz’mpmffln
1896 1950 2113 1990 veneno
2152 1936 2263 1990 sibi

243 2007 482 2059 mortem
510 2004 913 2058 consciverunt.
969 2021 1093 2057 cum
1122 2006 1348 2058 senatus
1370 2003 1780 2072 Campanorum
1807 2004 2089 2073 deligatus
2115 2010 2264 2060 esset

245 2075 320 2129 ad
344 2075 529 2143 palos,
568 2075 632 2127 ut
659 2074 840 2128 securi
864 2073 1139 2140 feriretur,
1174 2073 1397 2127 litteras
1426 2090 1461 2126 a
1488 2075 1689 2126 senatu
1714 2075 1915 2127 missas
1945 2074 2007 2138 Q.
2035 2075 2263 2129 Fulvius

246 2144 464 2212 consul,
511 2144 716 2212 quibus
762 2143 1063 2224 iubebatur
1105 2160 1357 2213 parcere,
1406 2144 1708 2210 antequam
1753 2145 1991 2213 legeret,
2038 2145 2100 2198 in
2136 2145 2263 2200 sinu

244 2215 436 2285 posuit
472 2217 530 2269 et
564 2215 692 2284 lege
731 2213 827 2284 agi
871 2213 1038 2268 iussit
1075 2216 1133 2268 et
1174 2185 1512 2296 supplicium
1547 2214 1782 2283 peregit.
1856 2231 1983 2269 cum
2018 2215 2263 2270 comitiis

245 2286 397 2355 apud
432 2286 702 2355 populum
738 2286 1120 2353 quaereretur,
1169 2284 1260 2339 oui
1304 2285 1667 2339 mandaretur
1709 2283 2113 2354 Hispaniarum
2159 2286 2261 2341 im-

244 2356 475 2438 perium,
511 2357 667 2412 nullo
704 2355 766 2409 id
801 2356 1026 2411 volente
1065 2355 1355 2429 suscipere·
1381 2356 1442 2410 P.
1472 2355 1676 2425 Scipio,
1714 2355 1773 2408 P.
1803 2356 1951 2410 fflius
1990 2357 2126 2425 eiuS,
2165 2359 2263 2445 qui

244 2428 306 2480 in
330 2427 607 2497 Hispania
644 2427 940 2494 ceciderat,
977 2425 1258 2496 professus
1298 2427 1387 2481 est
1423 2442 1482 2480 se
1520 2428 1728 2481 iturum
1765 2429 1824 2481 et
1860 2428 2128 2498 suffragio
2164 2436 2263 2499 po·

243 2498 366 2566 puli
394 2514 774 2564 consensuque
806 2497 1055 2551 omnium
1081 2498 1286 2551 missus
1313 2497 1533 2551 Novam
1552 2497 1952 2576 Carthaginem
1981 2515 2263 2566 expugna-

244 2567 344 2633 vit,
366 2584 492 2620 cum
519 2567 756 2620 haberet
782 2583 956 2620 annos
985 2567 1165 2621 XXIV
1182 2567 1575 2633 videreturque
1606 2565 1799 2619 divina
1823 2567 1997 2635 stirpe
2024 2572 2263 2636 creatus,

246 2637 382 2705 quia
417 2638 476 2690 et
509 2637 654 2717 ipse,
700 2639 1000 2716 postquam
1036 2639 1232 2715 togam
1266 2636 1586 2703 acceperat,
1636 2634 1846 2688 cotidie
1882 2636 1943 2688 ιιι
1985 2613 2263 2704 Capitolio

247 2708 396 2773 erat,
445 2708 504 2761 et
546 2707 607 2760 ιιι
643 2704 902 2760 cubiculo
949 2706 1145 2758 matris
1183 2705 1302 2758 eius
1350 2704 1547 2773 anguis
1586 2719 1752 2784 saepe
1787 2653 2101 2759 videbatur.
2174 2722 2262 2760 res

244 2779 538 2846 praeterea
572 2777 763 2846 gestas
799 2775 860 2828 ιιι
899 2774 1093 2829 Sicilia
1139 2773 1392 2828 continet
1428 2775 1487 2826 et
1534 2771 1844 2826 amicitiam
1883 2791 2008 2828 cum
2044 2775 2264 2829 Aetolis

245 2848 497 2901 iunctam
537 2847 859 2914 bellumque
905 2847 1128 2914 gestum
1165 2844 1432 2898 adversus
1469 2843 1792 2897 Acarnanas
1832 2845 1891 2898 et
1924 2843 2263 2915 Philippum,

246 2916 611 2989 Macedoniae
646 2933 853 2986 regem.

424 3095 475 3159 Ι.
520 3094 636 3161 Cn.
671 3094 941 3160 Fulvius
976 3091 1379 3158 Centimalus
1415 3093 1486 3158 P.
1515 3090 1833 3177 Sulpicius
1872 3093 2084 3159 Galba
2121 3115 2264 3160 con·
2305 3105 2333 3152 1

248 3185 422 3249 sules
470 3204 615 3248 cum
652 3182 867 3247 idibus
905 3181 1160 3247 Martiis
1199 3182 1658 3266 magistratum
1695 3183 1996 3265 inissent,
2038 3186 2267 3246 senatu

244 3273 317 3336 in
355 3269 756 3355 Capitolium
791 3273 1022 3335 vocato
1062 3270 1139 3335 de
1176 3285 1246 3334 re
1274 3270 1558 3354 publica,
1597 3270 1674 3333 de
1703 3269 2266 3333 administratione

243 3360 424 3441 belli,
462 3357 541 3423 de
575 3358 928 3443 provinciis
967 3359 1484 3443 exercitibusque
1525 3361 1744 3460 patres
1792 3357 2267 3421 consuluerunt.

247 3447 323 3531 Q.
367 3447 598 3512 Fulvio
645 3446 770 3530 Ap.
819 3445 1117 3529 Claudio,
1162 3445 1397 3536 prioris
1459 3447 1612 3509 anni
1667 3444 2065 3528 consulibus,
2115 3455 2378 3545 ω

247 3539 549 3621 rogatum
586 3535 930 3619 imperium
968 3537 1067 3600 est
1103 3536 1296 3618 atque
1335 3534 1677 3620 exercituS,
1719 3553 1879 3618 quos
1915 3530 2267 3615 habebant,
