2654 3913
654 222 865 278 LIBER
900 224 1123 298 xxm.
1173 223 1321 278 cAP.
1364 230 1412 277 5.
1451 230 1500 278 e.
1578 224 1647 295 [a.
1692 224 1747 278 c,
1786 225 1915 296 215]
2251 225 2289 290 7

280 368 674 451 torquendus
720 368 798 432 de
845 389 914 432 se
958 368 1095 452 ipse
1132 368 1306 433 haud
1342 371 1719 433 cunctanter
1752 369 1964 435 fassus
2001 370 2291 435 conscios

278 455 554 521 celabat.
599 461 956 539 postremo,
986 477 1131 520 cum
1159 457 1456 520 omnibus
1485 456 1906 522 intolerandis
1938 458 2291 541 patientiae
2332 470 2395 519 11

275 544 598 608 humanae
627 544 1015 609 cruciatibus
1043 544 1464 628 laceraretur,
1491 545 1735 609 victum
1773 545 1962 610 malis
2002 567 2070 609 se
2101 547 2292 611 simu-

277 633 421 696 lans
471 633 711 697 avertit
755 633 836 697 ab
882 633 1158 697 consciis
1205 631 1273 696 in
1310 632 1602 698 insontes
1639 632 1973 717 indicium,
2016 633 2291 698 Thraso·
2336 647 2398 694 12

276 741 423 784 nem
469 741 610 785 esse
657 723 984 786 auctorem
1031 720 1287 785 consilii
1323 721 1662 805 mentituS,
1706 756 1779 768 —
1821 742 1940 787 nec
1984 722 2113 785 nisi
2159 726 2293 786 tam

277 809 527 891 potenti
581 808 742 873 duce
799 809 1074 873 confisos
1135 829 1269 872 rem
1327 812 1581 872 tantam
1639 831 1909 874 ausuros
1951 809 2147 890 fuisse
2189 846 2295 893 —-,

276 897 467 962 socios
501 897 791 978 iynobiles
823 897 1118 978 quosdam
1152 898 1317 962 viros
1354 896 1434 960 ab
1472 899 1675 961 latere
1703 898 1989 982 tyranni,
2027 920 2296 981 quorum
2336 911 2399 959 13

278 984 495 1068 capita
540 984 860 1049 vilissima
905 984 1183 1068 fingenti
1225 985 1396 1049 inter
1442 984 1690 1049 dolores
1742 986 2146 1070 gemitusque
2193 1008 2297 1052 oc-

281 1093 552 1138 currere.
662 1072 942 1136 maxime
1009 1073 1223 1137 animo
1295 1073 1562 1156 tyranni
1626 1074 1925 1138 credibile
1989 1074 2297 1140 indicium

279 1159 532 1225 Thraso
577 1160 949 1225 nominatus
998 1160 1178 1243 fecit3
1233 1160 1452 1244 itaque
1510 1161 1832 1244 extemplo
1894 1163 2171 1227 traditur
2218 1163 2297 1226 ad

281 1248 694 1332 supplicium,
759 1249 1116 1332 adiectique
1177 1270 1425 1330 poenae
1485 1250 1680 1313 ceteri
1745 1250 1928 1314 iuxta
1988 1251 2295 1316 insontes.

281 1337 679 1402 consciorum
724 1358 941 1421 nemo,
990 1358 1135 1401 cum
1174 1336 1281 1400 diu
1320 1338 1531 1402 socius
1579 1338 1834 1403 consilii
1870 1342 2296 1422 torqueretur,
2338 1351 2401 1399 14

281 1428 393 1489 aut
438 1425 636 1489 latuit
692 1430 804 1490 aut
858 1425 1054 1508 fugit;
1115 1428 1373 1489 tantum
1430 1425 1559 1490 illis
1622 1426 1691 1489 in
1750 1426 1987 1490 virtute
2045 1449 2119 1491 ac
2176 1427 2298 1491 fide

279 1512 602 1577 Theodoti
638 1512 907 1576 fiduciae
943 1513 1069 1577 fuit
1106 1516 1487 1597 tantumque
1523 1513 1652 1604 ipsi
1688 1513 2024 1578 Theodoto
2063 1514 2298 1579 virium

283 1601 363 1664 ad
410 1621 645 1665 arcana
691 1601 1084 1665 occultanda.

457 1687 570 1753 VI.
616 1687 744 1766 Ita,
781 1689 950 1773 quod
986 1712 1182 1754 unum
1213 1691 1538 1755 vinculum
1576 1712 1719 1754 cum
1749 1690 2060 1755 Romanis
2100 1691 2296 1755 socie·
2340 1704 2366 1751 1

282 1777 436 1842 tatis
483 1780 649 1859 erat,
694 1777 1029 1843 Thrasone
1083 1778 1340 1843 sublato
1397 1800 1431 1841 e
1489 1778 1700 1843 medio
1758 1779 2081 1862 extemplo
2127 1779 2295 1843 haud

281 1866 475 1929 dubie
505 1866 585 1930 ad
615 1864 1038 1931 defectionem
1068 1887 1170 1931 res
1201 1866 1563 1950 spectabat3
1592 1867 1920 1950 legatique
1951 1868 2028 1931 ad
2052 1865 2294 1931 Hanni-
2336 1882 2368 1927 2

280 1953 496 2019 balem
542 1953 724 2019 missi
780 1976 855 2019 ac
907 1953 1164 2020 remissi
1220 1955 1300 2019 ab
1360 1976 1435 2020 eo
1492 1976 1637 2019 cum
1681 1952 2046 2020 Hannibale
2092 1955 2299 2021 nobili

284 2042 691 2107 adulescente
727 2042 1163 2126 Hippocrates
1212 2050 1276 2106 et
1314 2042 1667 2126 Epicydes,
1711 2043 1850 2106 nati
1889 2042 2300 2128 Carthagine,

283 2129 396 2194 sed
426 2130 675 2194 oriundi
713 2132 794 2195 ab
827 2130 1162 2213 Syracusis
1197 2132 1381 2195 exule
1420 2153 1568 2215 avo,
1604 2130 1806 2194 Poeni
1844 2131 1971 2213 ipsi
2008 2135 2299 2194 materno

283 2238 532 2303 genere.
626 2239 740 2301 per
794 2218 912 2284 hos
970 2220 1190 2283 iuncta
1245 2219 1519 2283 societas
1576 2217 1929 2283 Hannibali
1986 2241 2060 2283 ac
2114 2217 2299 2303 Syra·
2336 2232 2368 2279 3

283 2328 515 2371 cusano
562 2310 871 2389 tyranno3
919 2328 1036 2371 nec
1075 2306 1281 2372 invito
1321 2306 1691 2371 Hannibale
1740 2307 1907 2391 apud
1953 2310 2300 2391 tyrannum

281 2398 674 2459 manserunt.
747 2394 1001 2479 Appius
1031 2393 1338 2460 Claudius
1375 2399 1661 2478 praetor,
1698 2395 1875 2460 cuius
1904 2393 2131 2460 Sicilia
2157 2418 2300 2478 pro·
2337 2410 2371 2455 4

282 2482 497 2547 vincia
535 2485 699 2566 erat,
735 2483 849 2547 ubi
888 2505 964 2548 ea
1002 2484 1273 2567 accepit,
1312 2484 1635 2565 extemplo
1676 2483 1929 2567 legatos
1968 2483 2048 2548 acl
2075 2484 2301 2549 Hiero-

282 2591 545 2653 nymum
573 2570 768 2635 misit.
841 2572 954 2655 qui
982 2593 1127 2635 cnm
1158 2593 1297 2636 sese
1339 2570 1420 2636 ad
1447 2571 1879 2636 renovandam
1909 2572 2301 2653 societatem,

286 2679 451 2741 quae
497 2678 642 2721 cum
689 2679 807 2723 avo
853 2658 1110 2743 fuisset,
1156 2660 1409 2723 venisse
1458 2659 1766 2741 dicerent,
1803 2679 1918 2741 per
1954 2658 2302 2722 ludibrium

284 2745 487 2810 auditi
534 2745 911 2834 dimissique
960 2750 1111 2810 sunt
1157 2747 1239 2812 ab
1288 2750 1632 2830 quaerente
1669 2766 1783 2829 per
1825 2746 2037 2809 iocum
2074 2744 2301 2810 Hiero-

280 2855 508 2935 nymo,
573 2855 737 2917 quae
800 2834 1065 2898 fortuna
1119 2834 1209 2899 eis
1264 2854 1522 2919 pugnae
1587 2833 1669 2898 ad
1725 2830 1976 2898 Cannas
2039 2833 2298 2918 fuisset3

282 2921 391 2983 vix
437 2922 771 2986 credibilia
819 2923 987 2987 enim
1042 2923 1296 3007 legatos
1345 2922 1731 2987 Hannibalis
1778 2944 2071 3009 narrare;
2117 2924 2370 3007 velle,5

285 3006 437 3090 quid
481 3010 618 3073 veri
665 3010 778 3093 sit,
826 3011 1016 3092 scire,
1073 3015 1147 3073 ut
1192 3032 1270 3075 ex
1317 3031 1419 3093 e0,
1473 3015 1689 3075 utram
1744 3032 1924 3093 spem
1981 3015 2300 3095 sequatur,

285 3096 624 3160 consilium
660 3098 892 3180 capiat.
949 3061 1257 3179 Rsomani,
1296 3118 1441 3161 cum
1481 3099 1647 3162 serio
1685 3099 2046 3181 legationes
2084 3099 2299 3163 audire
2339 3112 2371 3158 6

286 3183 635 3266 coepisset,
680 3184 1001 3249 redituros
1049 3206 1117 3248 se
1173 3147 1257 3248 ad
1302 3206 1449 3248 eum
1496 3185 1781 3250 dicentes
1840 3207 2008 3267 esse,
2055 3187 2299 3249 monito

285 3270 494 3372 magis
545 3291 618 3335 eo
663 3291 851 3352 quam
889 3275 1148 3355 rogato,
1183 3292 1265 3335 ne
1303 3272 1495 3335 fidem
1533 3276 1772 3336 temere
1812 3274 2118 3351 mutaret,
2154 3291 2300 3352 pro-

282 3357 674 3424 ficiscuntur.
748 3357 1179 3443 Hieronymus
1207 3358 1461 3442 legatos
1501 3355 1965 3441 Carthaginem
2001 3356 2182 3420 misit
2219 3359 2299 3423 ad
2338 3370 2369 3419 7

228 3446 508 3511 foedus
565 3468 644 3511 ex
700 3446 1012 3512 societate
1067 3469 1211 3512 cum
1258 3445 1629 3510 Hannibale
1687 3448 1876 3528 pacta
1919 3444 2300 3512 faciendum.

286 3535 610 3620 convenit,
657 3538 755 3619 ut,
813 3556 957 3624 cum
1004 3534 1334 3599 Romanos
1383 3529 1603 3595 Sicilia
1661 3530 2057 3615 expulissent
2110 3569 2182 3578 ——
2234 3533 2300 3595 id
