2654 3913
949 754 1236 853 ΤΙΤΙ
1319 753 1624 854 LIVI

769 924 905 996 AB
978 924 1255 996 URBE
1334 924 1803 997 CONDITA

1077 1066 1292 1121 LIBER
1325 1066 1494 1124 xxv.

785 1315 1233 1382 PERIOCHA
1288 1317 1525 1382 LIBRI
1578 1315 1778 1382 XXV.

418 1438 476 1492 P.
518 1435 810 1491 Cornelius
850 1437 1062 1506 Scipio,
1099 1438 1303 1506 postea
1338 1437 1660 1503 Africanus,
1710 1437 1839 1491 ante
1878 1452 2053 1490 annos
2091 1437 2292 1491 aedilis

278 1510 476 1564 factus.
506 1506 816 1569 ,Hannibal
843 1508 1039 1561 urbem
1055 1507 1339 1563 Tarenton
1365 1509 1588 1577 praeter
1615 1523 1824 1573 arcem,
1854 1506 1914 1559 in
1941 1523 2108 1574 quam
2132 1523 2291 1575 prae—

278 1579 487 1634 sidium
533 1579 911 1635 Romanorum
960 1578 1206 1649 fugerat,
1253 1596 1356 1647 per
1398 1577 1729 1632 Tarentinos
1779 1577 2030 1644 iuvenes,
2083 1577 2182 1644 qui
2231 1594 2292 1631 se

277 1652 449 1705 noctu
470 1689 474 1692 ⁴
493 1650 759 1704 venatum
811 1648 894 1703 ire
941 1649 1365 1716 simulaverant,
1412 1648 1578 1718 cepit.
1659 1647 1782 1701 ludi
1824 1647 2177 1717 Apollinares
2224 1664 2291 1703 ex

275 1720 454 1775 Marci
499 1719 862 1787 carminibus,
920 1720 1123 1787 quibus
1171 1719 1477 1775 Cannensis
1523 1718 1713 1774 clades
1759 1719 2050 1788 praedicta
2092 1719 2291 1786 fuerat,

278 1790 527 1846 instituti
563 1792 708 1845 sunt.
785 1807 819 1844 a
856 1789 917 1855 Q.
948 1790 1143 1844 Fulvio
1182 1792 1239 1845 et
1264 1790 1368 1859 Ap.
1401 1790 1635 1844 Claudio
1674 1790 1995 1845 consulibus
2024 1790 2290 1845 adversus

277 1862 609 1916 Hannonem
635 1860 946 1915 Poenorum
973 1861 1172 1915 ducem
1198 1863 1463 1930 prospere
1489 1864 1801 1930 pugnatum
1829 1864 1929 1915 est.
1985 1860 2106 1915 Tib.
2138 1861 2290 1916 Sem·

277 1933 505 2003 pronius
535 1931 818 1986 Gracchus
843 1932 1166 2000 proconsul,
1207 1933 1279 1987 ab
1315 1931 1538 2002 hospite
1576 1948 1675 1986 suo
1702 1932 1928 1986 Lucano
1964 1930 2024 1985 in
2056 1931 2292 1987 insidias

279 2005 579 2069 deductus,
627 2019 663 2055 a
706 2002 948 2071 Magone
992 2003 1318 2058 interfectus
1365 2006 1467 2059 est.
1541 2000 1842 2058 Centenius
1877 2003 2147 2071 Paenula,
2196 2003 2296 2071 qui

282 2073 531 2131 centurio
568 2072 935 2140 militaverat,
983 2089 1109 2127 cum
1144 2074 1383 2143 petisset
1430 2091 1466 2128 a
1501 2077 1721 2140 senatu,
1769 2075 1835 2126 ut
1871 2072 1981 2126 sibi
2018 2073 2292 2127 exercitus

280 2145 534 2210 daretur,
562 2141 960 2211 pollicitusque
989 2146 1160 2210 esset,
1191 2144 1240 2197 si
1267 2144 1649 2214 impetrasset,
1679 2144 1748 2198 de
1774 2142 2092 2197 Hannibale
2117 2143 2292 2197 victo-

279 2233 447 2299 riam,
482 2219 616 2287 'V'II‘I
645 2229 890 2300 acceptis
916 2231 1161 2285 militum
1198 2233 1310 2286 dux
1345 2234 1527 2287 factus
1566 2231 1816 2287 conflixit
1843 2231 1965 2286 acie
1992 2249 2117 2286 cum
2142 2231 2293 2285 Han-

279 2303 470 2358 nibale
499 2304 558 2357 et
584 2319 710 2356 cum
743 2301 990 2357 exercitu
1010 2319 1203 2357 caesus
1233 2305 1335 2358 est.
1375 2305 1566 2372 Capua
1589 2304 1820 2358 obsessa
1846 2305 1934 2358 est
1961 2319 1996 2356 a
2014 2302 2075 2367 Q.
2097 2303 2293 2358 Fulvio

278 2377 339 2429 et
371 2375 473 2443 Ap.
507 2372 744 2429 Claudio
784 2373 1123 2429 consulibus.
1197 2373 1295 2429 Cn.
1324 2374 1552 2428 Fulvius
1588 2378 1814 2443 praetor
1849 2372 1997 2457 male
2026 2376 2292 2430 adversus

279 2462 655 2516 Hannibalem
687 2463 989 2530 pugnavit,
1019 2462 1080 2515 in
1113 2478 1223 2529 quo
1250 2461 1466 2530 proelio
1493 2451 1596 2515 Χῖ
1620 2463 1910 2517 hominum
1946 2462 2292 2528 ceciderunt;

280 2532 401 2601 ipse
441 2548 566 2586 cum
604 2531 887 2610 equitibus
925 2532 1181 2612 ducentis
1219 2531 1433 2611 effugit.
1502 2533 1768 2586 Claudius
1803 2533 2103 2612 Marcellus
2120 2534 2293 2613 ‘Syra—

278 2601 2198 2736 {3⁸ffiffifigssssssssJeffit'isaffi‘sshissntssssssnffiffinifiJiffiisffeffis
2234 2620 2296 2724 ζ

319 2742 509 2798 ulvere
556 2738 950 2807 descripserat,
998 2738 1325 2792 interfectus
1373 2741 1473 2792 est.
1547 2739 1606 2791 P.
1654 2742 1712 2793 et
1758 2739 1854 2793 Cn.
1903 2738 2190 2807 Scipiones
2235 2739 2297 2793 in

279 2761 557 2883 &ispania
591 2813 681 2866 tot
715 2825 901 2864 rerum
936 2807 1179 2863 feliciter
1214 2810 1502 2877 gestarum
1539 2809 1759 2871 tristem
1785 2809 1995 2863 exitum
2029 2809 2295 2876 tulerunt,

280 2900 453 2953 prope
490 2900 616 2937 cum
651 2880 791 2936 totis
821 2878 1158 2935 exercitibus
1197 2879 1348 2933 caesi
1375 2895 1522 2934 anno
1551 2883 1774 2949 octavo,
1814 2895 1982 2947 quam
2008 2879 2069 2933 in
2094 2880 2294 2949 Hispa-

278 2954 434 3007 niam
476 2953 676 3008 ierunt.
750 2951 1065 3019 amissaque
1111 2949 1230 3005 eius
1274 2950 1599 3020 provinciae
1642 2950 1923 3020 possessio
1969 2950 2137 3020 foret,
2184 2949 2297 3006 nisi

280 3024 338 3077 L.
377 3023 552 3077 Marci
602 3021 809 3090 equitis
845 3020 1084 3076 Romani
1129 3021 1338 3076 virtute
1384 3024 1443 3075 et
1486 3022 1765 3076 industria
1802 3022 2105 3077 contractis
2143 3039 2294 3078 exer·

277 3094 495 3148 cituum
552 3092 807 3159 reliquiis
863 3093 1114 3147 eiusdem
1178 3092 1409 3147 hortatu
1472 3092 1608 3148 bina
1666 3095 1851 3148 castra
1902 3093 2150 3149 hostium
2205 3104 2295 3149 e'x-

276 3182 535 3251 pugnata
565 3182 768 3235 essent.
817 3181 891 3234 ad
906 3170 1130 3235 ‘x‘x—Vfi
1152 3197 1332 3247 caesa,
1351 3198 1386 3236 *
1407 3197 1475 3235 ex
1500 3182 1658 3237 mille
1687 3181 2058 3251 octingentos,
2083 3181 2299 3251 praeda

279 3255 477 3323 ingens
515 3253 698 3320 capta.
765 3250 877 3304 dux
913 3251 1155 3306 Marcius
1195 3252 1511 3320 appellatus
1549 3256 1649 3308 est.

453 3432 503 3497 I.
549 3430 724 3495 Dum
759 3429 916 3493 haee
945 3430 1013 3494 in
1040 3430 1261 3494 Africa
1289 3434 1483 3515 atque
1521 3430 1589 3495 in
1615 3428 1935 3513 Hispania
1962 3433 2295 3515 geruntur,
2332 3443 2361 3491 1

279 3518 607 3585 Hannibal
637 3520 705 3583 in
726 3538 885 3603 agro
908 3515 1265 3583 Sallentino
1286 3521 1599 3582 aestatem
1620 3519 2018 3603 consumpsit
2038 3540 2151 3603 spe
2177 3541 2319 3603 per.
