2654 3913
632 216 847 271 LIBER
881 217 1049 272 XXV.
1123 217 1274 275 CAP.
1313 223 1363 273 8.
1404 224 1452 273 9.
1530 219 1603 288 [a.
1643 219 1700 274 Ο.
1739 220 1867 290 212]
2172 221 2260 285 65

242 362 315 426 hi
373 361 745 445 priusquam
806 362 1053 445 aliquid
1120 365 1478 446 moverent,
1547 363 2056 446 conloquendum
2114 384 2260 429 cum
2296 376 2332 425 4

243 450 610 515 Hannibale
648 451 802 533 rati,
836 454 1025 515 nocte
1053 472 1169 534 per
1197 451 1476 534 speciem
1513 451 1788 515 venandi
1821 451 1980 515 urbe
2018 454 2263 535 egressi

245 538 326 602 ad
362 560 507 603 eum
543 538 1053 623 proficiscuntur.
1128 541 1192 602 et
1228 560 1372 603 cum
1408 539 1583 603 haud
1618 540 1841 623 procul
1880 541 2112 604 castris
2151 541 2259 605 ab·
2297 551 2330 600 5

245 631 484 709 essent,
531 627 731 692 ceteri
778 628 943 692 silva
978 648 1179 710 prope
1216 627 1388 691 viam
1427 649 1566 692 sese
1604 628 2050 712 occuluerunt,
2095 626 2260 693 Nico

245 720 310 779 et
347 715 760 781 Philemenus
807 716 1138 800 progressi
1183 715 1263 779 ad
1303 715 1618 781 stationes
1665 716 2263 802 comprehensique,

244 803 418 870 ultro
466 804 533 868 id
578 807 898 890 petentes,
954 803 1036 867 ad
1080 802 1515 868 Hannibalem
1573 803 1829 868 deducti
1889 808 2056 870 sunt.
2148 805 2261 889 qui
2298 815 2333 866 6

246 914 391 956 cum
427 897 494 956 et
531 912 760 957 causas
799 892 1057 956 consilii
1094 894 1195 956 sui
1233 897 1324 975 et,
1373 893 1525 975 quid
1561 896 1894 977 pararent,
1934 897 2265 978 exposuis-

246 985 420 1062 sent,
449 981 815 1045 conlaudati
846 980 1220 1064 oneratique
1248 981 1585 1064 promissis
1615 981 1942 1064 iubentur,
1967 985 2042 1045 ut
2069 981 2263 1047 fidem

246 1069 670 1153 popularibus
707 1069 990 1133 facerent
1026 1069 1379 1151 praedandi
1413 1090 1606 1134 causa
1643 1091 1712 1134 se
1747 1070 1906 1134 urbe
1948 1089 2264 1154 egressos,

245 1178 480 1240 pecora
507 1155 1166 1242 Carthaginiensium,
1195 1178 1358 1241 quae
1393 1162 1651 1240 pastum
1678 1157 1988 1242 propulsa
2026 1160 2265 1242 essent,

247 1244 327 1309 ad
373 1245 599 1310 urbem
647 1265 865 1330 agere:
924 1249 1069 1310 tuto
1127 1267 1201 1310 ac
1257 1244 1394 1310 sine
1448 1244 1799 1310 certamine
1853 1246 1919 1311 id
1973 1246 2260 1311 facturos
2299 1255 2335 1306 7

247 1334 635 1416 promissum
666 1338 781 1400 est.
827 1337 1174 1417 conspecta
1203 1355 1279 1397 ea
1296 1333 1537 1416 praeda
1563 1334 1867 1398 iuvenum
1887 1336 2003 1416 est,
2021 1334 2262 1399 minus-

144 1500 145 1503 *
248 1443 369 1505 que
428 1422 667 1486 iterum
727 1443 800 1486 ac
861 1423 1115 1505 saepius
1175 1422 1243 1486 id
1297 1441 1407 1485 eos
1463 1421 1699 1485 audere
1753 1421 2067 1485 miraculo
2121 1421 2263 1487 fuit.

248 1510 579 1593 congressi
625 1530 770 1574 cum
806 1510 1175 1575 Hannibale
1212 1530 1437 1573 rursus
1474 1509 1597 1573 fide
1636 1512 1985 1573 sanxerunt
2020 1507 2262 1574 liberos
2299 1519 2334 1569 8

248 1597 639 1662 Tarentinos
685 1599 861 1684 leges
914 1617 1065 1664 suas
1108 1619 1349 1682 suaque
1404 1597 1622 1662 omnia
1674 1596 2009 1662 habituros
2055 1617 2262 1680 neque

247 1685 455 1750 ullum
510 1686 790 1770 vectigal
846 1686 1063 1753 Poeno
1116 1707 1431 1771 pensuros
1488 1685 1963 1770 praesidiumve
2018 1685 2263 1751 invitos

248 1778 647 1858 recepturos3
686 1776 947 1859 prodito
984 1774 1310 1859 praesidio
1348 1773 1615 1857 hospitia
1641 1774 1933 1840 Romana
1956 1775 2265 1857 praedam

248 1860 880 1947 Carthaginiensium
907 1864 1066 1929 fore.
1125 1862 1286 1927 haec
1311 1862 1426 1927 ubi
1455 1867 1905 1948 convenerunt,
1932 1867 2084 1928 tunc
2110 1884 2260 1928 vero
2298 1874 2332 1922 9

250 1950 665 2016 Philemenus
712 1951 1234 2018 consuetudinem
1279 1954 1472 2016 nocte
1518 1952 1895 2037 egrediundi
1930 1951 2263 2017 redeundi-

249 2060 373 2122 que
418 2040 487 2104 in
531 2041 754 2103 urbem
797 2041 1301 2123 frequentiorem
1357 2041 1586 2105 facere.
1677 2045 1743 2104 et
1800 2044 1940 2104 erat
1983 2040 2264 2105 venandi

252 2127 468 2191 studio
512 2127 785 2212 insignis
796 2178 814 2211 ,
870 2149 1184 2212 canesque
1231 2130 1296 2191 et
1342 2129 1509 2193 alius
1556 2131 1906 2212 apparatus
1954 2127 2263 2210 sequeba-

252 2219 384 2302 tur3
432 2220 816 2299 captumque
872 2216 1077 2281 ferme
1124 2215 1367 2301 aliquid
1423 2220 1537 2281 aut
1583 2216 1663 2282 ab
1710 2217 1898 2281 hoste
1956 2236 2033 2280 ex
2076 2236 2262 2300 prae·
2302 2226 2370 2275 10

250 2307 481 2387 parato
532 2305 817 2369 adlatum
866 2308 1206 2388 reportans
1263 2305 1546 2370 donabat
1600 2307 1714 2370 aut
1765 2304 2090 2388 praefecto
2149 2308 2264 2370 aut

252 2392 622 2458 custodibus
650 2398 1002 2477 portarum.
1061 2398 1251 2459 nocte
1279 2393 1559 2459 maxime
1598 2415 1958 2459 commeare
1996 2398 2264 2477 propter

250 2484 495 2544 metum
536 2481 827 2546 hostium
873 2483 1235 2547 credebant.
1325 2482 1438 2545 ubi
1482 2481 1614 2546 iam
1660 2503 1733 2546 eo
1781 2482 2262 2547 consuetudinis
2303 2491 2368 2539 11

254 2567 532 2631 adducta
576 2588 679 2630 res
727 2573 853 2650 est,
905 2573 1004 2649 ut,
1028 2568 1428 2650 quocumque
1474 2569 1685 2632 noctis
1728 2571 2019 2650 tempore
2066 2569 2262 2633 sibilo

251 2654 534 2719 dedisset
580 2653 863 2739 signum,
906 2659 1098 2735 porta
1136 2654 1520 2736 aperiretur,
1555 2657 1810 2736 tempus
1849 2654 2133 2735 agendae
2169 2655 2266 2718 rei

253 2742 609 2808 Hannibali
662 2741 873 2806 visum
930 2744 1044 2804 est.
1142 2740 1344 2804 tridui
1396 2740 1569 2803 viam
1623 2741 1875 2823 aberat3
1939 2740 2081 2824 ubi,
2135 2761 2264 2824 quo
2306 2752 2371 2801 12

253 2832 467 2896 minus
522 2831 761 2896 mirum
814 2832 985 2895 esset
1035 2850 1163 2893 uno
1221 2827 1573 2911 eodemque
1625 2830 1768 2891 loco
1825 2825 2065 2893 stativa
2119 2849 2266 2892 eum

252 2924 392 2984 tam
436 2919 546 2984 diu
589 2920 858 3003 habere,
904 2937 1168 3003 aegrum
1207 2915 1569 2981 simulabat.
1642 2916 1956 2981 Romanis
1993 2938 2266 3002 quoque,
2303 2927 2371 2977 13

254 3007 365 3091 qui
401 3007 472 3071 in
504 3008 828 3090 praesidio
856 3006 1122 3071 Tarenti
1150 3008 1360 3087 erant,
1389 3009 1689 3090 suspecta
1717 3025 1857 3069 esse
1882 3005 2016 3070 iam
2044 3006 2265 3091 segnis

255 3116 438 3159 mora
484 3095 620 3159 eius
667 3094 959 3160 desierat.
1047 3093 1157 3159 IX.
1205 3098 1489 3159 ceterum
1529 3098 1873 3178 postquam
1911 3092 2264 3160 Tarentum
2303 3106 2331 3153 1

252 3184 349 3247 ire
394 3182 759 3265 constituit,
805 3183 1021 3247 decem
1065 3184 1332 3263 milibus
1378 3183 1668 3267 peditum
1715 3186 1908 3266 atque
1956 3184 2270 3268 equitum,

254 3292 414 3355 quos
460 3271 529 3335 in
584 3270 1049 3353 expeditionem
1093 3272 1441 3336 velocitate
1487 3292 1828 3354 corporum
1876 3291 1952 3335 ac
1998 3270 2264 3334 levitate

257 3380 581 3424 armorum
611 3357 982 3442 aptissimos
1012 3378 1150 3423 esse
1177 3362 1361 3423 ratus
1390 3362 1506 3443 est,
1530 3359 1752 3424 electis
1781 3361 2012 3442 quarta
2038 3358 2266 3442 vigilia

252 3448 462 3512 noctis
518 3448 708 3531 signa
766 3443 970 3509 movit
1012 3447 1510 3529 praemissisque
1565 3447 1901 3531 octoginta
1952 3446 2087 3510 fere
2133 3444 2266 3512 Nu·

254 3536 445 3600 midis
503 3534 830 3620 equitibus
882 3532 1238 3619 praecepit,
1292 3537 1368 3598 ut
1422 3533 1854 3599 discurrerent
1906 3535 2078 3599 circa
2120 3534 2263 3600 vias
2300 3545 2335 3595 2

360 3648 409 3689 τ.
438 3648 583 3689 Lm.
634 3647 724 3688 111.
1809 3642 1842 3687 5
