<?xml version="1.0" encoding="UTF-8"?>
<!DOCTYPE html PUBLIC "-//W3C//DTD XHTML 1.0 Transitional//EN"
    "http://www.w3.org/TR/xhtml1/DTD/xhtml1-transitional.dtd">
<html xmlns="http://www.w3.org/1999/xhtml" xml:lang="en" lang="en">
 <head>
  <title>
</title>
<meta http-equiv="Content-Type" content="text/html;charset=utf-8" />
  <meta name='ocr-system' content='tesseract 3.04.00' />
  <meta name='ocr-capabilities' content='ocr_page ocr_carea ocr_par ocr_line ocrx_word'/>
</head>
<body>
  <div class='ocr_page' id='page_1' title='image "./aburbeconditali16livygoog_0060.png"; bbox 0 0 2654 3913; ppageno 0'>
   <div class='ocr_carea' id='block_1_1' title="bbox 326 170 2039 243">
    <p class='ocr_par' dir='ltr' id='par_1_1' title="bbox 326 170 2039 243">
     <span class='ocr_line' id='line_1_1' title="bbox 326 170 2039 243; baseline -0.001 -17"><span class='ocrx_word' id='word_1_1' title='bbox 326 175 411 239; x_wconf 82' lang='lat'><strong>52</strong></span> <span class='ocrx_word' id='word_1_2' title='bbox 614 171 828 227; x_wconf 79' lang='lat' dir='ltr'>LIBER</span> <span class='ocrx_word' id='word_1_3' title='bbox 862 171 1055 229; x_wconf 82' lang='lat' dir='ltr'>XXIV.</span> <span class='ocrx_word' id='word_1_4' title='bbox 1130 170 1530 227; x_wconf 53' lang='grc'>(11134148.</span> <span class='ocrx_word' id='word_1_5' title='bbox 1608 172 1681 242; x_wconf 70' lang='lat' dir='ltr'><strong>[a.</strong></span> <span class='ocrx_word' id='word_1_6' title='bbox 1717 170 1783 227; x_wconf 81' lang='lat' dir='ltr'><strong>n.</strong></span> <span class='ocrx_word' id='word_1_7' title='bbox 1822 187 1869 225; x_wconf 73' lang='grc' dir='ltr'><strong>ο.</strong></span> <span class='ocrx_word' id='word_1_8' title='bbox 1909 171 2039 243; x_wconf 78' lang='lat'>541]</span> 
     </span>
    </p>
   </div>
   <div class='ocr_carea' id='block_1_2' title="bbox 228 313 2356 2671">
    <p class='ocr_par' dir='ltr' id='par_1_2' title="bbox 255 313 2339 576">
     <span class='ocr_line' id='line_1_2' title="bbox 255 313 2337 400; baseline 0.001 -23"><span class='ocrx_word' id='word_1_9' title='bbox 255 328 289 377; x_wconf 78' lang='lat'>8</span> <span class='ocrx_word' id='word_1_10' title='bbox 327 315 929 400; x_wconf 73' lang='lat' dir='ltr'><strong>Carthaginiensem</strong></span> <span class='ocrx_word' id='word_1_11' title='bbox 959 337 1140 380; x_wconf 88' lang='lat' dir='ltr'><strong>arma</strong></span> <span class='ocrx_word' id='word_1_12' title='bbox 1157 318 1509 379; x_wconf 86' lang='lat' dir='ltr'><strong>verterunt.</strong></span> <span class='ocrx_word' id='word_1_13' title='bbox 1554 313 1833 397; x_wconf 78' lang='lat' dir='ltr'><strong>Hispani</strong></span> <span class='ocrx_word' id='word_1_14' title='bbox 1853 335 2123 399; x_wconf 90' lang='lat' dir='ltr'><strong>quoque,</strong></span> <span class='ocrx_word' id='word_1_15' title='bbox 2141 317 2337 398; x_wconf 90' lang='lat' dir='ltr'><strong>paulo</strong></span> 
     </span>
     <span class='ocr_line' id='line_1_3' title="bbox 326 402 2339 487; baseline 0 -19"><span class='ocrx_word' id='word_1_16' title='bbox 326 406 537 469; x_wconf 92' lang='lat' dir='ltr'><strong>minus</strong></span> <span class='ocrx_word' id='word_1_17' title='bbox 567 404 747 468; x_wconf 89' lang='lat' dir='ltr'><strong>mille</strong></span> <span class='ocrx_word' id='word_1_18' title='bbox 772 403 1092 487; x_wconf 90' lang='lat' dir='ltr'><strong>homines,</strong></span> <span class='ocrx_word' id='word_1_19' title='bbox 1126 402 1291 467; x_wconf 88' lang='lat' dir='ltr'><strong>nihil</strong></span> <span class='ocrx_word' id='word_1_20' title='bbox 1319 405 1656 486; x_wconf 89' lang='lat' dir='ltr'><strong>praeterea</strong></span> <span class='ocrx_word' id='word_1_21' title='bbox 1683 423 1830 466; x_wconf 91' lang='lat' dir='ltr'><strong>cum</strong></span> <span class='ocrx_word' id='word_1_22' title='bbox 1857 404 2117 467; x_wconf 90' lang='lat' dir='ltr'><strong>consule</strong></span> <span class='ocrx_word' id='word_1_23' title='bbox 2143 405 2339 487; x_wconf 89' lang='lat' dir='ltr'><strong>pacti,</strong></span> 
     </span>
     <span class='ocr_line' id='line_1_4' title="bbox 327 488 2339 576; baseline -0.001 -20"><span class='ocrx_word' id='word_1_24' title='bbox 327 514 521 576; x_wconf 90' lang='lat' dir='ltr'><strong>quam</strong></span> <span class='ocrx_word' id='word_1_25' title='bbox 565 495 642 556; x_wconf 92' lang='lat' dir='ltr'><strong>ut</strong></span> <span class='ocrx_word' id='word_1_26' title='bbox 687 492 822 556; x_wconf 90' lang='lat' dir='ltr'><strong>sine</strong></span> <span class='ocrx_word' id='word_1_27' title='bbox 869 490 1091 556; x_wconf 89' lang='lat' dir='ltr'><strong>fraude</strong></span> <span class='ocrx_word' id='word_1_28' title='bbox 1126 488 1445 556; x_wconf 91' lang='lat' dir='ltr'><strong>Punicum</strong></span> <span class='ocrx_word' id='word_1_29' title='bbox 1491 490 1893 555; x_wconf 69' lang='lat' dir='ltr'><strong>emitteretur</strong></span> <span class='ocrx_word' id='word_1_30' title='bbox 1931 490 2339 575; x_wconf 85' lang='lat' dir='ltr'><strong>praesidium,</strong></span> 
     </span>
    </p>

    <p class='ocr_par' dir='ltr' id='par_1_3' title="bbox 258 574 2338 754">
     <span class='ocr_line' id='line_1_5' title="bbox 258 574 2338 663; baseline 0.002 -23"><span class='ocrx_word' id='word_1_31' title='bbox 258 592 289 640; x_wconf 86' lang='lat'>9</span> <span class='ocrx_word' id='word_1_32' title='bbox 329 580 410 645; x_wconf 89' lang='lat' dir='ltr'><strong>ad</strong></span> <span class='ocrx_word' id='word_1_33' title='bbox 474 579 806 646; x_wconf 90' lang='lat' dir='ltr'><strong>consulem</strong></span> <span class='ocrx_word' id='word_1_34' title='bbox 866 578 1339 644; x_wconf 84' lang='lat' dir='ltr'><strong>transtulerunt</strong></span> <span class='ocrx_word' id='word_1_35' title='bbox 1403 578 1606 662; x_wconf 90' lang='lat' dir='ltr'><strong>signa.</strong></span> <span class='ocrx_word' id='word_1_36' title='bbox 1696 574 2338 663; x_wconf 74' lang='lat' dir='ltr'><strong>Carthaginiensibus</strong></span> 
     </span>
     <span class='ocr_line' id='line_1_6' title="bbox 328 665 2337 754; baseline -0.002 -18"><span class='ocrx_word' id='word_1_37' title='bbox 328 673 555 754; x_wconf 85' lang='lat' dir='ltr'><strong>portae</strong></span> <span class='ocrx_word' id='word_1_38' title='bbox 580 667 946 753; x_wconf 70' lang='lat' dir='ltr'><strong>patefactae</strong></span> <span class='ocrx_word' id='word_1_39' title='bbox 975 665 1317 748; x_wconf 86' lang='lat' dir='ltr'><strong>emissique</strong></span> <span class='ocrx_word' id='word_1_40' title='bbox 1346 686 1490 731; x_wconf 90' lang='lat' dir='ltr'><strong>cum</strong></span> <span class='ocrx_word' id='word_1_41' title='bbox 1518 665 1642 730; x_wconf 90' lang='lat' dir='ltr'><strong>fide</strong></span> <span class='ocrx_word' id='word_1_42' title='bbox 1670 667 2025 732; x_wconf 80' lang='lat' dir='ltr'><strong>incolumes</strong></span> <span class='ocrx_word' id='word_1_43' title='bbox 2049 667 2128 733; x_wconf 90' lang='lat' dir='ltr'><strong>ad</strong></span> <span class='ocrx_word' id='word_1_44' title='bbox 2147 666 2337 731; x_wconf 78' lang='lat' dir='ltr'><strong>&#39;Han-</strong></span> 
     </span>
    </p>

    <p class='ocr_par' dir='ltr' id='par_1_4' title="bbox 228 751 2342 926">
     <span class='ocr_line' id='line_1_7' title="bbox 228 751 2336 840; baseline 0.002 -24"><span class='ocrx_word' id='word_1_45' title='bbox 228 767 296 816; x_wconf 89' lang='lat'><strong>10</strong></span> <span class='ocrx_word' id='word_1_46' title='bbox 328 758 612 822; x_wconf 91' lang='lat' dir='ltr'><strong>nibalem</strong></span> <span class='ocrx_word' id='word_1_47' title='bbox 650 754 979 839; x_wconf 87' lang='lat' dir='ltr'><strong>Salapiam</strong></span> <span class='ocrx_word' id='word_1_48' title='bbox 1018 756 1347 818; x_wconf 88' lang='lat' dir='ltr'><strong>venerunt.</strong></span> <span class='ocrx_word' id='word_1_49' title='bbox 1405 755 1501 818; x_wconf 77' lang='lat' dir='ltr'><strong>ita</strong></span> <span class='ocrx_word' id='word_1_50' title='bbox 1533 751 1701 840; x_wconf 81' lang='lat' dir='ltr'><strong>Arpi</strong></span> <span class='ocrx_word' id='word_1_51' title='bbox 1743 756 1880 820; x_wconf 88' lang='lat' dir='ltr'><strong>sine</strong></span> <span class='ocrx_word' id='word_1_52' title='bbox 1918 753 2096 820; x_wconf 87' lang='lat' dir='ltr'><strong>clade</strong></span> <span class='ocrx_word' id='word_1_53' title='bbox 2142 756 2336 820; x_wconf 90' lang='lat' dir='ltr'><strong>ullius</strong></span> 
     </span>
     <span class='ocr_line' id='line_1_8' title="bbox 333 839 2342 926; baseline 0 -20"><span class='ocrx_word' id='word_1_54' title='bbox 333 844 786 926; x_wconf 87' lang='lat' dir='ltr'><strong>praeterquam</strong></span> <span class='ocrx_word' id='word_1_55' title='bbox 839 841 1028 903; x_wconf 92' lang='lat' dir='ltr'><strong>unius</strong></span> <span class='ocrx_word' id='word_1_56' title='bbox 1082 841 1317 904; x_wconf 86' lang='lat' dir='ltr'><strong>veteris</strong></span> <span class='ocrx_word' id='word_1_57' title='bbox 1379 839 1759 924; x_wconf 90' lang='lat' dir='ltr'><strong>proditoris,</strong></span> <span class='ocrx_word' id='word_1_58' title='bbox 1811 841 1964 905; x_wconf 82' lang='lat' dir='ltr'><strong>novi</strong></span> <span class='ocrx_word' id='word_1_59' title='bbox 2015 840 2342 925; x_wconf 87' lang='lat' dir='ltr'><strong>perfugae,</strong></span> 
     </span>
    </p>

    <p class='ocr_par' dir='ltr' id='par_1_5' title="bbox 229 925 2347 1167">
     <span class='ocr_line' id='line_1_9' title="bbox 229 925 2341 1010; baseline 0.001 -20"><span class='ocrx_word' id='word_1_60' title='bbox 229 943 293 991; x_wconf 86' lang='lat'><strong>11</strong></span> <span class='ocrx_word' id='word_1_61' title='bbox 333 928 621 994; x_wconf 85' lang='lat' dir='ltr'><strong>restituti</strong></span> <span class='ocrx_word' id='word_1_62' title='bbox 669 926 751 992; x_wconf 89' lang='lat' dir='ltr'><strong>ad</strong></span> <span class='ocrx_word' id='word_1_63' title='bbox 795 926 1141 991; x_wconf 85' lang='lat' dir='ltr'><strong>Romanos.</strong></span> <span class='ocrx_word' id='word_1_64' title='bbox 1223 925 1537 1008; x_wconf 89' lang='lat' dir='ltr'><strong>Hispanis</strong></span> <span class='ocrx_word' id='word_1_65' title='bbox 1587 926 1869 1010; x_wconf 81' lang='lat' dir='ltr'><strong>duplicia</strong></span> <span class='ocrx_word' id='word_1_66' title='bbox 1914 928 2159 994; x_wconf 89' lang='lat' dir='ltr'><strong>cibaria</strong></span> <span class='ocrx_word' id='word_1_67' title='bbox 2202 929 2341 994; x_wconf 88' lang='lat' dir='ltr'><strong>dari</strong></span> 
     </span>
     <span class='ocr_line' id='line_1_10' title="bbox 329 1012 2347 1101; baseline 0 -20"><span class='ocrx_word' id='word_1_68' title='bbox 329 1017 531 1098; x_wconf 82' lang='lat' dir='ltr'><strong>iussa3</strong></span> <span class='ocrx_word' id='word_1_69' title='bbox 560 1035 883 1098; x_wconf 86' lang='lat' dir='ltr'><strong>operaque</strong></span> <span class='ocrx_word' id='word_1_70' title='bbox 909 1034 1131 1078; x_wconf 90' lang='lat' dir='ltr'><strong>eorum</strong></span> <span class='ocrx_word' id='word_1_71' title='bbox 1158 1012 1317 1077; x_wconf 86' lang='lat' dir='ltr'><strong>forti</strong></span> <span class='ocrx_word' id='word_1_72' title='bbox 1342 1034 1417 1077; x_wconf 92' lang='lat' dir='ltr'><strong>ac</strong></span> <span class='ocrx_word' id='word_1_73' title='bbox 1434 1013 1609 1077; x_wconf 88' lang='lat' dir='ltr'><strong>fideli</strong></span> <span class='ocrx_word' id='word_1_74' title='bbox 1627 1035 1937 1101; x_wconf 85' lang='lat' dir='ltr'><strong>persaepe</strong></span> <span class='ocrx_word' id='word_1_75' title='bbox 1958 1039 2063 1082; x_wconf 89' lang='lat' dir='ltr'><strong>res</strong></span> <span class='ocrx_word' id='word_1_76' title='bbox 2081 1018 2347 1101; x_wconf 88' lang='lat' dir='ltr'><strong>publica</strong></span> 
     </span>
     <span class='ocr_line' id='line_1_11' title="bbox 329 1104 2336 1167; baseline -0 0"><span class='ocrx_word' id='word_1_77' title='bbox 329 1124 447 1167; x_wconf 91' lang='lat' dir='ltr'><strong>usa</strong></span> <span class='ocrx_word' id='word_1_78' title='bbox 492 1104 606 1167; x_wconf 85' lang='lat' dir='ltr'><strong>est.</strong></span> <span class='ocrx_word' id='word_1_79' title='bbox 1165 1146 1172 1153; x_wconf 88' lang='lat'>-</span> <span class='ocrx_word' id='word_1_80' title='bbox 1220 1150 1225 1155; x_wconf 78' lang='lat'><strong>.</strong></span> <span class='ocrx_word' id='word_1_81' title='bbox 2101 1112 2104 1113; x_wconf 72' lang='grc'>’</span> <span class='ocrx_word' id='word_1_82' title='bbox 2333 1152 2336 1155; x_wconf 88' lang='grc'>-</span> 
     </span>
    </p>

    <p class='ocr_par' dir='ltr' id='par_1_6' title="bbox 229 1186 2350 1626">
     <span class='ocr_line' id='line_1_12' title="bbox 229 1186 2344 1274; baseline 0.001 -22"><span class='ocrx_word' id='word_1_83' title='bbox 229 1204 294 1252; x_wconf 81' lang='lat'><strong>12</strong></span> <span class='ocrx_word' id='word_1_84' title='bbox 510 1186 671 1254; x_wconf 92' lang='lat' dir='ltr'><strong>Cum</strong></span> <span class='ocrx_word' id='word_1_85' title='bbox 701 1187 924 1254; x_wconf 87' lang='lat' dir='ltr'><strong>consul</strong></span> <span class='ocrx_word' id='word_1_86' title='bbox 953 1189 1119 1252; x_wconf 88' lang='lat' dir='ltr'><strong>alter</strong></span> <span class='ocrx_word' id='word_1_87' title='bbox 1152 1189 1222 1253; x_wconf 89' lang='lat' dir='ltr'><strong>in</strong></span> <span class='ocrx_word' id='word_1_88' title='bbox 1247 1186 1516 1272; x_wconf 89' lang='lat' dir='ltr'><strong>Apulia,</strong></span> <span class='ocrx_word' id='word_1_89' title='bbox 1554 1189 1722 1252; x_wconf 90' lang='lat' dir='ltr'><strong>alter</strong></span> <span class='ocrx_word' id='word_1_90' title='bbox 1752 1189 1822 1252; x_wconf 91' lang='lat' dir='ltr'><strong>in</strong></span> <span class='ocrx_word' id='word_1_91' title='bbox 1848 1187 2125 1254; x_wconf 88' lang='lat' dir='ltr'><strong>Lucanis</strong></span> <span class='ocrx_word' id='word_1_92' title='bbox 2156 1196 2344 1274; x_wconf 89' lang='lat' dir='ltr'><strong>esset,</strong></span> 
     </span>
     <span class='ocr_line' id='line_1_13' title="bbox 333 1273 2346 1363; baseline 0 -20"><span class='ocrx_word' id='word_1_93' title='bbox 333 1279 579 1363; x_wconf 81' lang='lat' dir='ltr'><strong>equites</strong></span> <span class='ocrx_word' id='word_1_94' title='bbox 608 1279 865 1342; x_wconf 87' lang='lat' dir='ltr'><strong>centum</strong></span> <span class='ocrx_word' id='word_1_95' title='bbox 900 1275 1239 1342; x_wconf 87' lang='lat' dir='ltr'><strong>duodecim</strong></span> <span class='ocrx_word' id='word_1_96' title='bbox 1273 1276 1527 1341; x_wconf 91' lang='lat' dir='ltr'><strong>nobiles</strong></span> <span class='ocrx_word' id='word_1_97' title='bbox 1559 1273 1876 1358; x_wconf 89' lang='lat' dir='ltr'><strong>Campani</strong></span> <span class='ocrx_word' id='word_1_98' title='bbox 1911 1298 2028 1359; x_wconf 91' lang='lat' dir='ltr'><strong>per</strong></span> <span class='ocrx_word' id='word_1_99' title='bbox 2065 1279 2346 1362; x_wconf 89' lang='lat' dir='ltr'><strong>speciem</strong></span> 
     </span>
     <span class='ocr_line' id='line_1_14' title="bbox 332 1363 2343 1450; baseline 0 -19"><span class='ocrx_word' id='word_1_100' title='bbox 332 1365 681 1450; x_wconf 87' lang='lat' dir='ltr'><strong>praedandi</strong></span> <span class='ocrx_word' id='word_1_101' title='bbox 730 1387 805 1430; x_wconf 84' lang='lat' dir='ltr'><strong>ex</strong></span> <span class='ocrx_word' id='word_1_102' title='bbox 850 1364 1138 1429; x_wconf 89' lang='lat' dir='ltr'><strong>hostium</strong></span> <span class='ocrx_word' id='word_1_103' title='bbox 1177 1384 1334 1449; x_wconf 89' lang='lat' dir='ltr'><strong>agro</strong></span> <span class='ocrx_word' id='word_1_104' title='bbox 1372 1363 1692 1448; x_wconf 91' lang='lat' dir='ltr'><strong>permissu</strong></span> <span class='ocrx_word' id='word_1_105' title='bbox 1727 1365 2225 1449; x_wconf 86' lang='lat' dir='ltr'><strong>magistratuum</strong></span> <span class='ocrx_word' id='word_1_106' title='bbox 2262 1367 2343 1432; x_wconf 90' lang='lat' dir='ltr'><strong>ab</strong></span> 
     </span>
     <span class='ocr_line' id='line_1_15' title="bbox 337 1452 2345 1539; baseline -0 -18"><span class='ocrx_word' id='word_1_107' title='bbox 337 1452 558 1539; x_wconf 81' lang='lat' dir='ltr'><strong>Capua</strong></span> <span class='ocrx_word' id='word_1_108' title='bbox 603 1452 876 1537; x_wconf 85' lang='lat' dir='ltr'><strong>profecti</strong></span> <span class='ocrx_word' id='word_1_109' title='bbox 913 1452 994 1518; x_wconf 90' lang='lat' dir='ltr'><strong>ad</strong></span> <span class='ocrx_word' id='word_1_110' title='bbox 1030 1457 1245 1518; x_wconf 90' lang='lat' dir='ltr'><strong>castra</strong></span> <span class='ocrx_word' id='word_1_111' title='bbox 1279 1452 1601 1536; x_wconf 86' lang='lat' dir='ltr'><strong>Romana,</strong></span> <span class='ocrx_word' id='word_1_112' title='bbox 1648 1474 1813 1536; x_wconf 91' lang='lat' dir='ltr'><strong>quae</strong></span> <span class='ocrx_word' id='word_1_113' title='bbox 1851 1474 2042 1536; x_wconf 90' lang='lat' dir='ltr'><strong>super</strong></span> <span class='ocrx_word' id='word_1_114' title='bbox 2080 1452 2345 1520; x_wconf 86' lang='lat' dir='ltr'><strong>Suessu-</strong></span> 
     </span>
     <span class='ocr_line' id='line_1_16' title="bbox 334 1541 2350 1626; baseline -0.001 -18"><span class='ocrx_word' id='word_1_115' title='bbox 334 1546 465 1608; x_wconf 90' lang='lat' dir='ltr'><strong>lam</strong></span> <span class='ocrx_word' id='word_1_116' title='bbox 494 1545 704 1625; x_wconf 88' lang='lat' dir='ltr'><strong>erant,</strong></span> <span class='ocrx_word' id='word_1_117' title='bbox 731 1545 1071 1624; x_wconf 86' lang='lat' dir='ltr'><strong>venerunt,</strong></span> <span class='ocrx_word' id='word_1_118' title='bbox 1108 1541 1374 1607; x_wconf 87' lang='lat' dir='ltr'><strong>stationi</strong></span> <span class='ocrx_word' id='word_1_119' title='bbox 1409 1541 1721 1624; x_wconf 89' lang='lat' dir='ltr'><strong>militum,</strong></span> <span class='ocrx_word' id='word_1_120' title='bbox 1759 1541 1871 1624; x_wconf 91' lang='lat' dir='ltr'><strong>qui</strong></span> <span class='ocrx_word' id='word_1_121' title='bbox 1899 1545 2143 1626; x_wconf 88' lang='lat' dir='ltr'><strong>essent,</strong></span> <span class='ocrx_word' id='word_1_122' title='bbox 2179 1542 2350 1606; x_wconf 85' lang='lat' dir='ltr'><strong>dixe·</strong></span> 
     </span>
    </p>

    <p class='ocr_par' dir='ltr' id='par_1_7' title="bbox 234 1626 2350 2060">
     <span class='ocr_line' id='line_1_17' title="bbox 234 1626 2345 1712; baseline 0 -20"><span class='ocrx_word' id='word_1_123' title='bbox 234 1644 298 1692; x_wconf 84' lang='lat'><strong>13</strong></span> <span class='ocrx_word' id='word_1_124' title='bbox 337 1632 511 1695; x_wconf 84' lang='lat' dir='ltr'><strong>runt:</strong></span> <span class='ocrx_word' id='word_1_125' title='bbox 572 1629 872 1712; x_wconf 86' lang='lat' dir='ltr'><strong>conloqui</strong></span> <span class='ocrx_word' id='word_1_126' title='bbox 926 1649 1066 1693; x_wconf 90' lang='lat' dir='ltr'><strong>sese</strong></span> <span class='ocrx_word' id='word_1_127' title='bbox 1112 1650 1256 1692; x_wconf 90' lang='lat' dir='ltr'><strong>cum</strong></span> <span class='ocrx_word' id='word_1_128' title='bbox 1300 1631 1596 1711; x_wconf 89' lang='lat' dir='ltr'><strong>praetore</strong></span> <span class='ocrx_word' id='word_1_129' title='bbox 1649 1629 1831 1692; x_wconf 86' lang='lat' dir='ltr'><strong>velle.</strong></span> <span class='ocrx_word' id='word_1_130' title='bbox 1922 1626 2036 1692; x_wconf 90' lang='lat' dir='ltr'><strong>Cn.</strong></span> <span class='ocrx_word' id='word_1_131' title='bbox 2081 1628 2345 1692; x_wconf 74' lang='lat' dir='ltr'><strong>Fulvius</strong></span> 
     </span>
     <span class='ocr_line' id='line_1_18' title="bbox 337 1713 2344 1798; baseline -0.001 -16"><span class='ocrx_word' id='word_1_132' title='bbox 337 1716 565 1782; x_wconf 88' lang='lat' dir='ltr'><strong>castris</strong></span> <span class='ocrx_word' id='word_1_133' title='bbox 610 1716 937 1798; x_wconf 87' lang='lat' dir='ltr'><strong>praeerat;</strong></span> <span class='ocrx_word' id='word_1_134' title='bbox 991 1714 1095 1776; x_wconf 92' lang='lat' dir='ltr'><strong>cui</strong></span> <span class='ocrx_word' id='word_1_135' title='bbox 1139 1714 1253 1777; x_wconf 90' lang='lat' dir='ltr'><strong>ubi</strong></span> <span class='ocrx_word' id='word_1_136' title='bbox 1297 1714 1667 1777; x_wconf 88' lang='lat' dir='ltr'><strong>nuntiatum</strong></span> <span class='ocrx_word' id='word_1_137' title='bbox 1714 1717 1840 1792; x_wconf 91' lang='lat' dir='ltr'><strong>est,</strong></span> <span class='ocrx_word' id='word_1_138' title='bbox 1885 1713 2102 1777; x_wconf 89' lang='lat' dir='ltr'><strong>decem</strong></span> <span class='ocrx_word' id='word_1_139' title='bbox 2148 1735 2224 1778; x_wconf 83' lang='lat' dir='ltr'><strong>ex</strong></span> <span class='ocrx_word' id='word_1_140' title='bbox 2271 1736 2344 1779; x_wconf 92' lang='lat' dir='ltr'><strong>eo</strong></span> 
     </span>
     <span class='ocr_line' id='line_1_19' title="bbox 337 1799 2344 1885; baseline -0.001 -17"><span class='ocrx_word' id='word_1_141' title='bbox 337 1822 604 1868; x_wconf 92' lang='lat' dir='ltr'><strong>numero</strong></span> <span class='ocrx_word' id='word_1_142' title='bbox 642 1799 836 1863; x_wconf 91' lang='lat' dir='ltr'><strong>iussis</strong></span> <span class='ocrx_word' id='word_1_143' title='bbox 873 1799 1226 1863; x_wconf 91' lang='lat' dir='ltr'><strong>inermibus</strong></span> <span class='ocrx_word' id='word_1_144' title='bbox 1264 1799 1491 1863; x_wconf 87' lang='lat' dir='ltr'><strong>deduci</strong></span> <span class='ocrx_word' id='word_1_145' title='bbox 1520 1799 1600 1862; x_wconf 90' lang='lat' dir='ltr'><strong>ad</strong></span> <span class='ocrx_word' id='word_1_146' title='bbox 1638 1820 1731 1881; x_wconf 91' lang='lat' dir='ltr'><strong>se,</strong></span> <span class='ocrx_word' id='word_1_147' title='bbox 1770 1799 1907 1881; x_wconf 86' lang='lat' dir='ltr'><strong>ubi,</strong></span> <span class='ocrx_word' id='word_1_148' title='bbox 1937 1821 2099 1882; x_wconf 89' lang='lat' dir='ltr'><strong>quae</strong></span> <span class='ocrx_word' id='word_1_149' title='bbox 2126 1804 2344 1885; x_wconf 87' lang='lat' dir='ltr'><strong>postu·</strong></span> 
     </span>
     <span class='ocr_line' id='line_1_20' title="bbox 338 1882 2346 1973; baseline 0 -20"><span class='ocrx_word' id='word_1_150' title='bbox 338 1891 576 1972; x_wconf 90' lang='lat' dir='ltr'><strong>larent,</strong></span> <span class='ocrx_word' id='word_1_151' title='bbox 632 1885 879 1951; x_wconf 85' lang='lat' dir='ltr'><strong>audivit</strong></span> <span class='ocrx_word' id='word_1_152' title='bbox 924 1922 1007 1933; x_wconf 91' lang='lat'><strong>—</strong></span> <span class='ocrx_word' id='word_1_153' title='bbox 1052 1885 1220 1950; x_wconf 89' lang='lat' dir='ltr'><strong>nihil</strong></span> <span class='ocrx_word' id='word_1_154' title='bbox 1268 1888 1486 1949; x_wconf 89' lang='lat' dir='ltr'><strong>autem</strong></span> <span class='ocrx_word' id='word_1_155' title='bbox 1541 1884 1718 1949; x_wconf 90' lang='lat' dir='ltr'><strong>aliud</strong></span> <span class='ocrx_word' id='word_1_156' title='bbox 1761 1886 2096 1972; x_wconf 89' lang='lat' dir='ltr'><strong>petebant,</strong></span> <span class='ocrx_word' id='word_1_157' title='bbox 2154 1882 2346 1973; x_wconf 79' lang='lat' dir='ltr'><strong>quam</strong></span> 
     </span>
     <span class='ocr_line' id='line_1_21' title="bbox 339 1973 2350 2060; baseline -0.001 -17"><span class='ocrx_word' id='word_1_158' title='bbox 339 1982 413 2043; x_wconf 91' lang='lat' dir='ltr'><strong>ut</strong></span> <span class='ocrx_word' id='word_1_159' title='bbox 452 1973 673 2060; x_wconf 81' lang='lat' dir='ltr'><strong>Capua</strong></span> <span class='ocrx_word' id='word_1_160' title='bbox 711 1978 975 2058; x_wconf 87' lang='lat' dir='ltr'><strong>recepta</strong></span> <span class='ocrx_word' id='word_1_161' title='bbox 1009 1973 1183 2039; x_wconf 88' lang='lat' dir='ltr'><strong>bona</strong></span> <span class='ocrx_word' id='word_1_162' title='bbox 1218 1973 1346 2037; x_wconf 91' lang='lat' dir='ltr'><strong>sibi</strong></span> <span class='ocrx_word' id='word_1_163' title='bbox 1381 1973 1874 2039; x_wconf 89' lang='lat' dir='ltr'><strong>restituerentur</strong></span> <span class='ocrx_word' id='word_1_164' title='bbox 1909 2012 2014 2060; x_wconf 61' lang='lat'><strong>÷-,</strong></span> <span class='ocrx_word' id='word_1_165' title='bbox 2050 1976 2123 2040; x_wconf 92' lang='lat' dir='ltr'><strong>in</strong></span> <span class='ocrx_word' id='word_1_166' title='bbox 2157 1977 2350 2042; x_wconf 87' lang='lat' dir='ltr'><strong>fidem</strong></span> 
     </span>
    </p>

    <p class='ocr_par' dir='ltr' id='par_1_8' title="bbox 239 2060 2352 2323">
     <span class='ocr_line' id='line_1_22' title="bbox 239 2060 2349 2146; baseline 0.002 -20"><span class='ocrx_word' id='word_1_167' title='bbox 239 2078 303 2127; x_wconf 84' lang='lat'><strong>14</strong></span> <span class='ocrx_word' id='word_1_168' title='bbox 342 2087 564 2133; x_wconf 92' lang='lat' dir='ltr'><strong>omnes</strong></span> <span class='ocrx_word' id='word_1_169' title='bbox 584 2063 848 2146; x_wconf 89' lang='lat' dir='ltr'><strong>accepti.</strong></span> <span class='ocrx_word' id='word_1_170' title='bbox 891 2065 958 2127; x_wconf 90' lang='lat' dir='ltr'><strong>et</strong></span> <span class='ocrx_word' id='word_1_171' title='bbox 975 2062 1056 2128; x_wconf 88' lang='lat' dir='ltr'><strong>ab</strong></span> <span class='ocrx_word' id='word_1_172' title='bbox 1078 2061 1280 2126; x_wconf 90' lang='lat' dir='ltr'><strong>altero</strong></span> <span class='ocrx_word' id='word_1_173' title='bbox 1299 2065 1598 2144; x_wconf 90' lang='lat' dir='ltr'><strong>praetore</strong></span> <span class='ocrx_word' id='word_1_174' title='bbox 1619 2060 2001 2146; x_wconf 85' lang='lat' dir='ltr'><strong>Sempronio</strong></span> <span class='ocrx_word' id='word_1_175' title='bbox 2024 2063 2349 2131; x_wconf 86' lang='lat' dir='ltr'><strong>Tuditano</strong></span> 
     </span>
     <span class='ocr_line' id='line_1_23' title="bbox 340 2149 2352 2323; baseline -0 -18"><span class='ocrx_word' id='word_1_176' title='bbox 340 2153 673 2305; x_wconf 51' lang='lat' dir='ltr'><strong>3333?ss</strong></span> <span class='ocrx_word' id='word_1_177' title='bbox 686 2149 2352 2323; x_wconf 50' lang='lat' dir='ltr'><strong>²³53?AE¹¹²212⁰¹33²riss¹³ss¹1²3¹22321212²35³2¹1}ssssssoe{31effi?</strong></span> 
     </span>
    </p>

    <p class='ocr_par' dir='ltr' id='par_1_9' title="bbox 240 2323 2354 2588">
     <span class='ocr_line' id='line_1_24' title="bbox 240 2323 2353 2409; baseline 0.003 -23"><span class='ocrx_word' id='word_1_178' title='bbox 240 2339 304 2387; x_wconf 81' lang='lat'><strong>15</strong></span> <span class='ocrx_word' id='word_1_179' title='bbox 341 2331 497 2391; x_wconf 91' lang='lat' dir='ltr'><strong>tum.</strong></span> <span class='ocrx_word' id='word_1_180' title='bbox 541 2360 614 2370; x_wconf 97' lang='lat'><strong>—</strong></span> <span class='ocrx_word' id='word_1_181' title='bbox 657 2323 903 2388; x_wconf 87' lang='lat' dir='ltr'><strong>Romae</strong></span> <span class='ocrx_word' id='word_1_182' title='bbox 948 2323 1206 2388; x_wconf 89' lang='lat' dir='ltr'><strong>foedum</strong></span> <span class='ocrx_word' id='word_1_183' title='bbox 1243 2324 1607 2388; x_wconf 90' lang='lat' dir='ltr'><strong>incendium</strong></span> <span class='ocrx_word' id='word_1_184' title='bbox 1650 2346 1768 2409; x_wconf 91' lang='lat' dir='ltr'><strong>per</strong></span> <span class='ocrx_word' id='word_1_185' title='bbox 1812 2325 1972 2390; x_wconf 88' lang='lat' dir='ltr'><strong>duas</strong></span> <span class='ocrx_word' id='word_1_186' title='bbox 2017 2331 2241 2392; x_wconf 90' lang='lat' dir='ltr'><strong>noctes</strong></span> <span class='ocrx_word' id='word_1_187' title='bbox 2277 2349 2353 2392; x_wconf 91' lang='lat' dir='ltr'><strong>ac</strong></span> 
     </span>
     <span class='ocr_line' id='line_1_25' title="bbox 343 2411 2352 2496; baseline 0.001 -20"><span class='ocrx_word' id='word_1_188' title='bbox 343 2413 510 2476; x_wconf 91' lang='lat' dir='ltr'><strong>diem</strong></span> <span class='ocrx_word' id='word_1_189' title='bbox 555 2432 756 2475; x_wconf 91' lang='lat' dir='ltr'><strong>unum</strong></span> <span class='ocrx_word' id='word_1_190' title='bbox 798 2411 1032 2495; x_wconf 87' lang='lat' dir='ltr'><strong>tenuit3</strong></span> <span class='ocrx_word' id='word_1_191' title='bbox 1088 2411 1228 2476; x_wconf 93' lang='lat' dir='ltr'><strong>solo</strong></span> <span class='ocrx_word' id='word_1_192' title='bbox 1285 2414 1563 2496; x_wconf 87' lang='lat' dir='ltr'><strong>aequata</strong></span> <span class='ocrx_word' id='word_1_193' title='bbox 1618 2412 1837 2476; x_wconf 92' lang='lat' dir='ltr'><strong>omnia</strong></span> <span class='ocrx_word' id='word_1_194' title='bbox 1880 2412 2049 2478; x_wconf 90' lang='lat' dir='ltr'><strong>inter</strong></span> <span class='ocrx_word' id='word_1_195' title='bbox 2097 2411 2352 2479; x_wconf 86' lang='lat' dir='ltr'><strong>Salinas</strong></span> 
     </span>
     <span class='ocr_line' id='line_1_26' title="bbox 345 2495 2354 2588; baseline 0.002 -24"><span class='ocrx_word' id='word_1_196' title='bbox 345 2520 418 2564; x_wconf 92' lang='lat' dir='ltr'><strong>ac</strong></span> <span class='ocrx_word' id='word_1_197' title='bbox 463 2500 720 2582; x_wconf 83' lang='lat' dir='ltr'><strong>portam</strong></span> <span class='ocrx_word' id='word_1_198' title='bbox 766 2495 1240 2564; x_wconf 84' lang='lat' dir='ltr'><strong>Carmentalem</strong></span> <span class='ocrx_word' id='word_1_199' title='bbox 1286 2507 1433 2564; x_wconf 92' lang='lat' dir='ltr'><strong>cum</strong></span> <span class='ocrx_word' id='word_1_200' title='bbox 1469 2497 1921 2584; x_wconf 91' lang='lat' dir='ltr'><strong>Aequimaelio</strong></span> <span class='ocrx_word' id='word_1_201' title='bbox 1962 2500 2354 2588; x_wconf 90' lang='lat' dir='ltr'><strong>Iugarioque</strong></span> 
     </span>
    </p>

    <p class='ocr_par' dir='ltr' id='par_1_10' title="bbox 241 2586 2356 2671">
     <span class='ocr_line' id='line_1_27' title="bbox 241 2586 2356 2671; baseline 0.003 -22"><span class='ocrx_word' id='word_1_202' title='bbox 241 2600 306 2649; x_wconf 80' lang='grc'><strong>16</strong></span> <span class='ocrx_word' id='word_1_203' title='bbox 342 2587 486 2654; x_wconf 80' lang='lat' dir='ltr'><strong>vico</strong></span> <span class='ocrx_word' id='word_1_204' title='bbox 533 2586 680 2650; x_wconf 91' lang='lat' dir='ltr'><strong>inde</strong></span> <span class='ocrx_word' id='word_1_205' title='bbox 725 2589 782 2650; x_wconf 81' lang='lat' dir='ltr'><strong>et</strong></span> <span class='ocrx_word' id='word_1_206' title='bbox 823 2587 1087 2671; x_wconf 89' lang='lat' dir='ltr'><strong>templis</strong></span> <span class='ocrx_word' id='word_1_207' title='bbox 1133 2586 1457 2653; x_wconf 89' lang='lat' dir='ltr'><strong>Fortunae</strong></span> <span class='ocrx_word' id='word_1_208' title='bbox 1504 2609 1581 2653; x_wconf 93' lang='lat' dir='ltr'><strong>ac</strong></span> <span class='ocrx_word' id='word_1_209' title='bbox 1624 2588 1853 2654; x_wconf 90' lang='lat' dir='ltr'><strong>matris</strong></span> <span class='ocrx_word' id='word_1_210' title='bbox 1897 2587 2208 2662; x_wconf 86' lang='lat' dir='ltr'><strong>Matutae.</strong></span> <span class='ocrx_word' id='word_1_211' title='bbox 2290 2594 2356 2655; x_wconf 91' lang='lat' dir='ltr'><strong>et</strong></span> 
     </span>
    </p>
   </div>
   <div class='ocr_carea' id='block_1_3' title="bbox 347 2673 2356 2843">
    <p class='ocr_par' dir='ltr' id='par_1_11' title="bbox 347 2673 2356 2843">
     <span class='ocr_line' id='line_1_28' title="bbox 347 2673 2356 2828; baseline 0.001 -89"><span class='ocrx_word' id='word_1_212' title='bbox 347 2678 526 2828; x_wconf 43' lang='grc' dir='ltr'><strong>εἴτε,</strong></span> <span class='ocrx_word' id='word_1_213' title='bbox 552 2677 811 2825; x_wconf 49' lang='grc' dir='ltr'>1101ξῖ3111</span> <span class='ocrx_word' id='word_1_214' title='bbox 837 2673 970 2739; x_wconf 88' lang='lat' dir='ltr'><strong>late</strong></span> <span class='ocrx_word' id='word_1_215' title='bbox 996 2679 1271 2759; x_wconf 82' lang='lat' dir='ltr'><strong>vagatus</strong></span> <span class='ocrx_word' id='word_1_216' title='bbox 1297 2677 1469 2759; x_wconf 89' lang='lat' dir='ltr'><strong>ignis</strong></span> <span class='ocrx_word' id='word_1_217' title='bbox 1500 2698 1687 2742; x_wconf 89' lang='lat' dir='ltr'><strong>sacra</strong></span> <span class='ocrx_word' id='word_1_218' title='bbox 1711 2677 2113 2761; x_wconf 89' lang='lat' dir='ltr'><strong>profanaque</strong></span> <span class='ocrx_word' id='word_1_219' title='bbox 2151 2678 2356 2741; x_wconf 89' lang='lat' dir='ltr'><strong>multa</strong></span> 
     </span>
     <span class='ocr_line' id='line_1_29' title="bbox 347 2783 723 2843; baseline -0.008 -16"><span class='ocrx_word' id='word_1_220' title='bbox 347 2785 385 2827; x_wconf 89' lang='lat' dir='ltr'><strong>a</strong></span> <span class='ocrx_word' id='word_1_221' title='bbox 433 2783 676 2843; x_wconf 83' lang='lat' dir='ltr'><strong>sumpsi</strong></span> <span class='ocrx_word' id='word_1_222' title='bbox 710 2812 723 2825; x_wconf 92' lang='lat'><strong>.</strong></span> 
     </span>
    </p>
   </div>
   <div class='ocr_carea' id='block_1_4' title="bbox 278 2847 2357 3113">
    <p class='ocr_par' dir='ltr' id='par_1_12' title="bbox 278 2847 2357 3113">
     <span class='ocr_line' id='line_1_30' title="bbox 278 2847 2357 2934; baseline 0.003 -25"><span class='ocrx_word' id='word_1_223' title='bbox 278 2862 306 2909; x_wconf 91' lang='lat'><strong>1</strong></span> <span class='ocrx_word' id='word_1_224' title='bbox 522 2847 814 2913; x_wconf 89' lang='lat' dir='ltr'><strong>XLVHI.</strong></span> <span class='ocrx_word' id='word_1_225' title='bbox 860 2847 1105 2913; x_wconf 87' lang='lat' dir='ltr'><strong>Eodem</strong></span> <span class='ocrx_word' id='word_1_226' title='bbox 1152 2871 1320 2913; x_wconf 88' lang='lat' dir='ltr'><strong>anno</strong></span> <span class='ocrx_word' id='word_1_227' title='bbox 1364 2849 1434 2914; x_wconf 93' lang='grc' dir='ltr'><strong>Ρ.</strong></span> <span class='ocrx_word' id='word_1_228' title='bbox 1481 2855 1549 2916; x_wconf 91' lang='lat' dir='ltr'><strong>et</strong></span> <span class='ocrx_word' id='word_1_229' title='bbox 1592 2849 1705 2916; x_wconf 89' lang='lat' dir='ltr'><strong>Cn.</strong></span> <span class='ocrx_word' id='word_1_230' title='bbox 1745 2848 2058 2934; x_wconf 87' lang='lat' dir='ltr'><strong>Cornelii,</strong></span> <span class='ocrx_word' id='word_1_231' title='bbox 2105 2872 2250 2916; x_wconf 92' lang='lat' dir='ltr'><strong>cum</strong></span> <span class='ocrx_word' id='word_1_232' title='bbox 2285 2852 2357 2916; x_wconf 93' lang='lat' dir='ltr'><strong>in</strong></span> 
     </span>
     <span class='ocr_line' id='line_1_31' title="bbox 345 2935 2357 3023; baseline 0.003 -25"><span class='ocrx_word' id='word_1_233' title='bbox 345 2935 663 3017; x_wconf 86' lang='lat' dir='ltr'><strong>Hispania</strong></span> <span class='ocrx_word' id='word_1_234' title='bbox 720 2955 822 2998; x_wconf 89' lang='lat' dir='ltr'><strong>res</strong></span> <span class='ocrx_word' id='word_1_235' title='bbox 878 2956 1224 3017; x_wconf 89' lang='lat' dir='ltr'><strong>prosperae</strong></span> <span class='ocrx_word' id='word_1_236' title='bbox 1283 2941 1501 3001; x_wconf 89' lang='lat' dir='ltr'><strong>essent</strong></span> <span class='ocrx_word' id='word_1_237' title='bbox 1556 2938 1925 3023; x_wconf 90' lang='lat' dir='ltr'><strong>multosque</strong></span> <span class='ocrx_word' id='word_1_238' title='bbox 1984 2941 2052 3002; x_wconf 90' lang='lat' dir='ltr'><strong>et</strong></span> <span class='ocrx_word' id='word_1_239' title='bbox 2108 2942 2357 3005; x_wconf 83' lang='lat' dir='ltr'><strong>veteres</strong></span> 
     </span>
     <span class='ocr_line' id='line_1_32' title="bbox 346 3020 2357 3113; baseline 0.003 -27"><span class='ocrx_word' id='word_1_240' title='bbox 346 3021 710 3103; x_wconf 88' lang='lat' dir='ltr'><strong>reciperent</strong></span> <span class='ocrx_word' id='word_1_241' title='bbox 754 3020 963 3085; x_wconf 89' lang='lat' dir='ltr'><strong>socios</strong></span> <span class='ocrx_word' id='word_1_242' title='bbox 1012 3026 1076 3086; x_wconf 89' lang='lat' dir='ltr'><strong>et</strong></span> <span class='ocrx_word' id='word_1_243' title='bbox 1118 3043 1320 3088; x_wconf 83' lang='lat' dir='ltr'><strong>novos</strong></span> <span class='ocrx_word' id='word_1_244' title='bbox 1368 3023 1713 3109; x_wconf 90' lang='lat' dir='ltr'><strong>adicerent,</strong></span> <span class='ocrx_word' id='word_1_245' title='bbox 1760 3025 1829 3090; x_wconf 93' lang='lat' dir='ltr'><strong>in</strong></span> <span class='ocrx_word' id='word_1_246' title='bbox 1864 3025 2154 3091; x_wconf 89' lang='lat' dir='ltr'><strong>Africam</strong></span> <span class='ocrx_word' id='word_1_247' title='bbox 2203 3049 2357 3113; x_wconf 90' lang='lat' dir='ltr'><strong>quo·</strong></span> 
     </span>
    </p>
   </div>
   <div class='ocr_carea' id='block_1_5' title="bbox 277 3108 2362 3280">
    <p class='ocr_par' dir='ltr' id='par_1_13' title="bbox 277 3108 2362 3280">
     <span class='ocr_line' id='line_1_33' title="bbox 277 3108 2362 3198; baseline 0.005 -27"><span class='ocrx_word' id='word_1_248' title='bbox 277 3122 309 3171; x_wconf 74' lang='grc'><strong>2</strong></span> <span class='ocrx_word' id='word_1_249' title='bbox 350 3130 470 3194; x_wconf 90' lang='lat' dir='ltr'><strong>que</strong></span> <span class='ocrx_word' id='word_1_250' title='bbox 517 3129 698 3191; x_wconf 89' lang='lat' dir='ltr'><strong>spem</strong></span> <span class='ocrx_word' id='word_1_251' title='bbox 745 3108 1180 3174; x_wconf 86' lang='lat' dir='ltr'><strong>extenderunt.</strong></span> <span class='ocrx_word' id='word_1_252' title='bbox 1264 3108 1529 3193; x_wconf 83' lang='lat' dir='ltr'><strong>Syphax</strong></span> <span class='ocrx_word' id='word_1_253' title='bbox 1574 3114 1715 3176; x_wconf 89' lang='lat' dir='ltr'><strong>erat</strong></span> <span class='ocrx_word' id='word_1_254' title='bbox 1756 3134 1868 3177; x_wconf 84' lang='lat' dir='ltr'><strong>rex</strong></span> <span class='ocrx_word' id='word_1_255' title='bbox 1901 3113 2362 3198; x_wconf 84' lang='lat' dir='ltr'><strong>Numidarum,</strong></span> 
     </span>
     <span class='ocr_line' id='line_1_34' title="bbox 279 3193 2361 3280; baseline 0.003 -22"><span class='ocrx_word' id='word_1_256' title='bbox 279 3210 310 3258; x_wconf 79' lang='grc'><strong>3</strong></span> <span class='ocrx_word' id='word_1_257' title='bbox 349 3196 564 3262; x_wconf 87' lang='lat' dir='ltr'><strong>subito</strong></span> <span class='ocrx_word' id='word_1_258' title='bbox 602 3193 1243 3280; x_wconf 89' lang='lat' dir='ltr'><strong>Carthaginiensibus</strong></span> <span class='ocrx_word' id='word_1_259' title='bbox 1288 3197 1497 3262; x_wconf 90' lang='lat' dir='ltr'><strong>hostis</strong></span> <span class='ocrx_word' id='word_1_260' title='bbox 1542 3197 1781 3264; x_wconf 82' lang='lat' dir='ltr'><strong>factus:</strong></span> <span class='ocrx_word' id='word_1_261' title='bbox 1830 3200 1909 3266; x_wconf 90' lang='lat' dir='ltr'><strong>ad</strong></span> <span class='ocrx_word' id='word_1_262' title='bbox 1955 3224 2099 3268; x_wconf 90' lang='lat' dir='ltr'><strong>eum</strong></span> <span class='ocrx_word' id='word_1_263' title='bbox 2146 3207 2361 3276; x_wconf 88' lang='lat' dir='ltr'><strong>centu·</strong></span> 
     </span>
    </p>
   </div>
   <div class='ocr_carea' id='block_1_6' title="bbox 349 3284 2362 3546">
    <p class='ocr_par' dir='ltr' id='par_1_14' title="bbox 349 3284 2362 3546">
     <span class='ocr_line' id='line_1_35' title="bbox 349 3284 2360 3370; baseline 0.001 -21"><span class='ocrx_word' id='word_1_264' title='bbox 349 3284 564 3349; x_wconf 90' lang='lat' dir='ltr'><strong>riones</strong></span> <span class='ocrx_word' id='word_1_265' title='bbox 620 3286 753 3349; x_wconf 89' lang='lat' dir='ltr'><strong>tres</strong></span> <span class='ocrx_word' id='word_1_266' title='bbox 806 3284 1058 3369; x_wconf 92' lang='lat' dir='ltr'><strong>legatos</strong></span> <span class='ocrx_word' id='word_1_267' title='bbox 1114 3285 1459 3365; x_wconf 89' lang='lat' dir='ltr'><strong>miserunt,</strong></span> <span class='ocrx_word' id='word_1_268' title='bbox 1515 3287 1624 3370; x_wconf 91' lang='lat' dir='ltr'><strong>qui</strong></span> <span class='ocrx_word' id='word_1_269' title='bbox 1680 3308 1824 3353; x_wconf 90' lang='lat' dir='ltr'><strong>cum</strong></span> <span class='ocrx_word' id='word_1_270' title='bbox 1879 3311 1952 3354; x_wconf 91' lang='lat' dir='ltr'><strong>eo</strong></span> <span class='ocrx_word' id='word_1_271' title='bbox 2008 3290 2360 3355; x_wconf 85' lang='lat' dir='ltr'><strong>amicitiam</strong></span> 
     </span>
     <span class='ocr_line' id='line_1_36' title="bbox 352 3371 2362 3459; baseline 0.003 -24"><span class='ocrx_word' id='word_1_272' title='bbox 352 3372 851 3456; x_wconf 87' lang='lat' dir='ltr'><strong>societatemque</strong></span> <span class='ocrx_word' id='word_1_273' title='bbox 890 3371 1177 3436; x_wconf 87' lang='lat' dir='ltr'><strong>facerent</strong></span> <span class='ocrx_word' id='word_1_274' title='bbox 1213 3376 1279 3437; x_wconf 91' lang='lat' dir='ltr'><strong>et</strong></span> <span class='ocrx_word' id='word_1_275' title='bbox 1315 3372 1805 3459; x_wconf 90' lang='lat' dir='ltr'><strong>pollicerentur,</strong></span> <span class='ocrx_word' id='word_1_276' title='bbox 1843 3376 1900 3441; x_wconf 90' lang='lat' dir='ltr'><strong>si</strong></span> <span class='ocrx_word' id='word_1_277' title='bbox 1926 3380 2362 3457; x_wconf 86' lang='lat' dir='ltr'><strong>perseveraret</strong></span> 
     </span>
     <span class='ocr_line' id='line_1_37' title="bbox 352 3456 2361 3546; baseline 0.004 -26"><span class='ocrx_word' id='word_1_278' title='bbox 352 3478 626 3540; x_wconf 89' lang='lat' dir='ltr'><strong>urguere</strong></span> <span class='ocrx_word' id='word_1_279' title='bbox 671 3460 845 3524; x_wconf 89' lang='lat' dir='ltr'><strong>bello</strong></span> <span class='ocrx_word' id='word_1_280' title='bbox 894 3456 1492 3545; x_wconf 88' lang='lat' dir='ltr'><strong>Carthaginienses,</strong></span> <span class='ocrx_word' id='word_1_281' title='bbox 1553 3467 1809 3546; x_wconf 83' lang='lat' dir='ltr'><strong>gratam</strong></span> <span class='ocrx_word' id='word_1_282' title='bbox 1855 3483 1996 3526; x_wconf 91' lang='lat' dir='ltr'><strong>eam</strong></span> <span class='ocrx_word' id='word_1_283' title='bbox 2041 3484 2179 3526; x_wconf 90' lang='lat' dir='ltr'><strong>rem</strong></span> <span class='ocrx_word' id='word_1_284' title='bbox 2225 3464 2361 3529; x_wconf 89' lang='lat' dir='ltr'><strong>fore</strong></span> 
     </span>
    </p>
   </div>
  </div>
 </body>
</html>
