2654 3913
383 177 469 240 62
755 175 976 229 LIBER,
1010 176 1180 232 xxv.
1256 174 1406 232 CAP.
1448 185 1494 234 6.
1568 177 1643 247 [a.
1682 176 1744 230 U.
1784 146 1842 229 οξ
1868 182 1995 251 542]

310 331 341 379 ‘1
378 323 520 383 tum
567 340 651 383 an
698 319 1212 403 imperatorum}>
1305 317 1598 403 equidem
1644 319 2038 391 miles-nihil
2085 341 2390 404 umquam

381 406 591 472 dicam
627 406 704 472 de
740 408 1130 491 imperatore
1157 428 1333 489 meo,
1370 405 1471 470 cui
1507 407 1890 488 praesertim
1918 409 2162 491 gratias
2192 408 2391 472 sciam

382 498 464 561 ab
516 498 747 561 senatu
795 500 1002 579 actas,
1048 493 1216 577 quod
1252 513 1385 557 non
1421 493 1858 576 desperaverit
1892 494 1970 558 de
2007 515 2074 559 re
2111 495 2391 577 publica,
2491 524 2498 531 ·

383 585 486 650 cui
522 589 684 687 post
710 583 932 668 fugam
970 604 1009 646 a
1045 579 1282 647 Cannis
1318 601 1435 663 per
1471 601 1691 645 omnes
1728 602 1933 646 annos
1968 585 2390 665 prorogatum

165 744 189 765 ο
260 746 267 753 0
312 683 345 730 8
382 672 742 756 imperium.
814 674 1061 734 ceteros
1107 669 1265 732 item
1310 688 1389 731 ex
1403 668 1722 752 reliquiis
1771 670 1969 734 cladis
2018 669 2183 753 eius,
2227 690 2388 753 quos

381 761 676 824 tribunos
722 757 1004 822 militum
1047 755 1420 839 habuimuS,
1464 756 1744 823 honores
1791 761 2008 842 petere
2055 761 2120 822 et
2165 776 2388 841 gerere

311 859 344 907 9
381 851 448 909 et
491 845 855 927 provincias
904 843 1194 908 obtinere
1238 843 1616 911 audivimus.
1686 867 1770 910 an
1806 847 1992 912 vobis
2030 845 2389 929 vestrisque

378 931 605 996 liberis
642 931 980 1017 ignoscitis
1018 931 1237 1016 facile,
1271 935 1491 1014 patres
1530 934 1956 1017 conscripti,
1937 957 2005 999 m
2039 935 2198 1000 haec
2234 933 2390 998 vilia

378 1019 595 1102 capita
652 1019 900 1084 saevire
958 1019 1142 1086 libet?
1232 1023 1300 1084 et
1358 1020 1609 1085 consuli
1667 1022 2187 1106 primoribusque
2243 1021 2389 1087 aliis

379 1107 660 1172 civitatis
706 1106 953 1191 fugere,
998 1129 1142 1173 cum
1189 1128 1338 1191 spes
1385 1108 1515 1172 alia
1554 1109 1738 1173 nulla
1783 1113 1982 1192 esset,
2026 1114 2214 1193 turpe
2259 1131 2393 1174 non

278 1207 341 1256 ιο
378 1195 531 1280 fuit3
589 1195 832 1260 milites
879 1196 1102 1279 utique
1148 1194 1495 1260 morituros
1542 1196 1613 1260 in
1658 1196 1858 1261 aciem
1903 1196 2220 1262 misistis}>
2309 1196 2392 1261 ad

378 1281 624 1348 Alliam
660 1304 863 1369 prope
900 1284 1107 1348 omnis
1155 1283 1470 1349 exercitus
1514 1282 1710 1368 fugit3
1758 1284 1839 1349 ad
1883 1282 2191 1349 Furculas
2231 1282 2390 1349 Gau-

381 1371 564 1459 dinas
600 1394 680 1438 ne
719 1370 1304 1455 expertus-quidem
1335 1375 1664 1435 certamen·
1697 1394 1879 1437 arma
1905 1372 2172 1438 tradidit
2198 1371 2392 1455 hosti,

279 1473 340 1522 11
381 1464 456 1525 ut
510 1461 672 1543 alias
726 1458 1053 1544 pudendas
1109 1459 1323 1524 clades
1379 1461 1770 1525 exercituum
1827 1464 2105 1525 taceam:
2170 1464 2391 1525 tamen

380 1553 638 1615 tantum
683 1547 845 1613 afuit
889 1547 970 1612 ab
1018 1567 1119 1631 eo,
1173 1551 1248 1612 ut
1291 1547 1427 1612 ulla
1470 1549 1829 1633 ignominia
1879 1549 1962 1613 iis
2009 1549 2391 1614 exercitibus

383 1640 819 1721 quaereretur,
865 1638 940 1700 ut
985 1638 1053 1699 et
1087 1636 1243 1700 urbs
1279 1634 1492 1701 Roma
1526 1658 1642 1719 per
1679 1657 1825 1700 eum
1863 1637 2234 1717 exercitum,
2259 1638 2386 1721 -qui

280 1739 344 1787 12
383 1726 463 1789 ab
491 1724 670 1788 Allia
695 1723 893 1789 Veios
929 1723 1399 1825 transfugerat,
1436 1724 1929 1807 reciperaretur,
1967 1729 2033 1788 et
2067 1722 2390 1788 Caudinae

379 1811 697 1895 legiones,
725 1832 914 1914 ‘quae
961 1811 1099 1876 sine
1147 1812 1343 1875 armis
1389 1811 1712 1885 redierant
1756 1811 2058 1895 Romam,
2104 1815 2390 1876 armatae

379 1899 684 1968 remissae
720 1900 789 1965 in
819 1898 1153 1965 Samnium
1192 1899 1462 1965 eundem
1501 1899 1687 1964 illum
1723 1899 1981 1965 hostem
2018 1900 2184 1965 sub
2164 1919 2390 1984 lugum

278 2003 345 2052 13
381 1987 703 2072 miserint,
747 1988 857 2073 qui
900 1989 1021 2054 hac
1060 2010 1177 2053 sua
1211 1988 1571 2072 ignominia
1605 1989 1887 2054 laetatus
1924 1988 2153 2054 fuerat.
2227 1987 2390 2055 Can·

316 2125 330 2142 .
379 2097 641 2141 nensem
696 2099 847 2142 vero
904 2078 1241 2161 quisquam
1302 2077 1652 2141 exercitum
1710 2077 1903 2170 fugae
1958 2082 2073 2143 aut
2129 2077 2390 2162 pavoris

379 2164 754 2229 insimulare
800 2168 1045 2249 potest,
1090 2166 1202 2230 ubi
1246 2165 1391 2248 plus
1439 2163 1912 2250 quinquaginta
1957 2165 2141 2231 milia
2185 2164 2390 2230 homi-

379 2274 533 2316 num
590 2252 983 2336 ceciderunt,
1037 2252 1205 2317 unde
1268 2254 1494 2316 consul
1548 2274 1693 2316 cum
1753 2253 2076 2353 equitibus
2134 2257 2391 2336 septua-

379 2340 563 2425 ginta
620 2340 816 2426 fugit,
874 2338 1046 2405 unde
1104 2361 1293 2405 nemo
1357 2342 1683 2423 superest,
1741 2339 1871 2404 nisi
1930 2362 2120 2424 quem
2178 2340 2389 2405 hostis

279 2441 343 2490 14
380 2427 701 2493 caedendo
730 2428 938 2492 fessus
966 2427 1271 2511 reliquit?
1337 2448 1478 2491 cum
1510 2427 1779 2509 captivis
1808 2427 2167 2512 redemptio
2194 2449 2389 2513 nega-

379 2516 598 2599 batur,
632 2537 750 2581 nos
787 2516 984 2601 vulgo
1012 2515 1307 2581 homines
1345 2514 1722 2599 laudabant,
1759 2516 1927 2599 quod
1963 2516 2059 2597 rei
2093 2515 2390 2599 publicae

378 2626 498 2670 nos
553 2626 1092 2688 reservassemus,
1137 2604 1308 2689 quod
1355 2603 1434 2668 ad
1481 2604 1805 2668 consulem
1849 2602 2203 2670 Venusiam
2249 2603 2392 2669 red-

278 2704 342 2755 15
380 2694 683 2777 issemus,
738 2697 804 2758 et
846 2693 1135 2777 speciem
1189 2691 1346 2757 iusti
1403 2692 1716 2757 exercitus
1771 2692 2173 2775 fecissemus3
2219 2713 2390 2756 nunc

381 2780 698 2846 deteriore
736 2781 1104 2847 condicione
1138 2802 1389 2862 sumus,
1429 2801 1622 2864 quam
1669 2779 1839 2863 apu‘d
1875 2783 2091 2862 patres
2128 2782 2389 2844 nostros

379 2870 657 2933 fuerant.
683 2870 938 2952 captivi.
1007 2868 1241 2953 quippe
1287 2868 1421 2932 illis
1468 2889 1648 2931 arma
1693 2871 1949 2931 tantum
1995 2870 2185 2950 atque
2231 2866 2392 2932 ordo

381 2955 707 3020 militandi
765 2958 1098 3039 locusque,
1155 2956 1226 3020 in
1266 2976 1409 3039 quo
1465 2955 1802 3019 tenderent
1855 2953 1924 3018 in
1976 2955 2231 3039 castris,
2290 2958 2391 3020 est

381 3046 696 3125 mutatus,
742 3065 904 3127 quae
950 3046 1173 3108 tamen
1216 3043 1414 3106 semel
1459 3046 1696 3107 navata
1732 3044 1825 3105 rei
1861 3043 2159 3126 publicae
2197 3064 2392 3128 opera

279 3145 343 3195 16
382 3136 448 3197 et
490 3152 616 3196 uno
663 3130 841 3196 felici
887 3130 1131 3215 proelio
1185 3133 1671 3212 recuperarunt.
1729 3151 1919 3195 nemo
1967 3152 2186 3197 eorum
2230 3131 2389 3196 rele-

381 3223 570 3305 gatus
617 3219 687 3283 in
733 3220 991 3284 exilium
1040 3220 1163 3302 est,
1216 3219 1459 3283 nemini
1505 3239 1652 3301 spes
1699 3219 2024 3284 emerendi
2071 3218 2392 3302 stipendia

382 3310 712 3393 adempta,
747 3308 956 3374 hostis
985 3307 1260 3392 denique
1298 3310 1400 3372 est
1429 3306 1645 3389 datus,
1684 3329 1828 3372 cum
1857 3328 1981 3391 quo
2011 3307 2388 3371 dimicantes

279 3409 344 3457 17
383 3401 496 3462 aut
532 3397 736 3462 vitam
775 3398 974 3463 semel
1012 3400 1124 3461 aut
1159 3395 1587 3500 ignominiam
1624 3395 1908 3477 finirent3
1954 3430 2027 3442 —-
2070 3415 2186 3459 nos
2196 3442 2215 3476 ,
2252 3393 2389 3478 qui-

380 3485 528 3568 bus,
573 3485 700 3551 nisi
748 3486 919 3570 quod
963 3485 1430 3569 commisimus,
1467 3489 1539 3549 ut
1576 3485 1916 3568 quisquam
1956 3504 2033 3545 ex
2069 3479 2390 3547 Cannensi
2455 3523 2462 3529 ·
