2654 3913
396 212 525 275 140
693 210 909 264 LIBER
942 211 1139 266 XXVI.
1216 212 1368 267 CAP.
1407 218 1492 267 23.
1530 218 1614 267 24.
1691 214 1767 285 [a.
1805 213 1870 271 U.
1910 230 1955 267 c.
1998 218 2125 284 543]

393 352 794 419 Concordiae
849 354 1168 437 Victoria,
1235 378 1396 439 quae
1454 357 1526 420 in
1580 356 1856 421 culmine
1912 362 2075 440 erat,
2139 358 2415 425 fulmine

391 442 524 507 icta
570 442 965 527 decussaque
1013 443 1094 508 ad
1139 442 1497 528 Victoriae,
1543 466 1707 529 quae
1750 444 1820 509 in
1866 447 2163 511 antefixis
2211 451 2417 532 erant,

322 542 355 590 5
394 531 609 596 haesit
651 553 858 616 neque
902 531 1050 596 inde
1094 532 1394 617 procidit.
1483 536 1550 598 et
1593 531 1934 616 Anagniae
1984 538 2050 599 et
2092 534 2416 620 Fregellis

393 620 769 685 nuntiatum
816 623 915 685 est
950 641 1206 684 murum
1243 623 1589 705 portasque
1626 620 1705 685 de
1742 622 1920 688 caelo
1957 627 2192 706 tactas,
2239 627 2307 688 et
2342 626 2417 689 in

392 706 536 772 foro
574 704 938 772 Subertano
976 709 1309 792 sanguinis
1337 709 1511 773 rivos
1538 730 1655 791 per
1683 709 1854 774 diem
1890 714 2102 776 totum
2131 710 2415 796 fluxisse,

396 799 463 860 et
503 795 692 860 Ereti
728 796 1054 881 lapidibus
1089 797 1407 880 pluvisse,
1444 802 1509 862 et
1543 796 1748 862 Reate
1784 800 2027 863 mulam
2062 800 2414 883 peperisse.

324 896 356 945 6
395 904 472 948 ea
514 883 818 966 prodigia
862 884 1096 949 hostiis
1151 884 1506 950 maioribus
1564 889 1715 950 sunt
1758 892 2131 971 procurata,
2184 891 2251 952 et
2295 890 2413 953 ob-

395 971 670 1035 secratio
723 971 794 1035 in
837 993 1038 1036 unum
1082 972 1252 1038 diem
1308 974 1551 1059 populo
1606 974 1848 1039 indicta
1904 979 1970 1039 et
2009 975 2414 1042 novemdiale

393 1079 666 1123 sacrum.
702 1094 788 1104 —
836 1058 1213 1126 Sacerdotes
1257 1062 1504 1145 publici
1548 1062 1796 1145 aliquot
1832 1084 1910 1127 eo
1956 1085 2124 1129 anno
2163 1064 2413 1130 demor-

324 1158 354 1205 ’1
392 1146 490 1211 tui
544 1151 698 1212 sunt
775 1149 1055 1232 novique
1111 1149 1387 1215 suffecti:
1442 1151 1509 1214 in
1561 1151 1772 1216 locum
1826 1148 1930 1214 M'.
1975 1151 2219 1217 Aemili
2272 1152 2411 1217 Nu·

393 1234 602 1300 midae
668 1235 1013 1301 decemviri
1074 1258 1403 1303 sacrorum
1462 1238 1550 1304 M.
1601 1236 1916 1303 Aemilius
1971 1238 2277 1322 Lepidus,
2339 1240 2412 1304 in

394 1323 610 1390 locum
663 1323 750 1389 M.
796 1324 1119 1408 Pomponi
1162 1325 1496 1391 Mathonis
1550 1326 1874 1410 pontificis
1930 1324 2003 1391 O.
2044 1326 2291 1410 Livius,
2337 1328 2412 1392 in

323 1421 356 1471 8
394 1412 606 1477 locum
635 1410 740 1496 Sp.
770 1411 1015 1478 Carvili
1039 1412 1310 1478 Maximi
1348 1416 1610 1498 auguris
1637 1414 1725 1480 M.
1752 1412 2080 1481 Servilius.
2152 1414 2226 1479 T.
2255 1414 2408 1481 Ota·

395 1501 581 1566 cilius
620 1499 890 1566 Crassus
925 1502 1239 1586 pontufex
1277 1503 1430 1587 quia
1466 1507 1693 1569 exacto
1731 1525 1899 1568 anno
1929 1506 2221 1570 mortuus
2254 1507 2410 1587 erat,

393 1589 539 1654 ideo
583 1589 945 1654 nominatio
991 1590 1060 1653 in
1104 1591 1315 1656 locum
1362 1591 1499 1655 eius
1542 1611 1677 1655 non
1713 1596 1814 1656 est
1848 1591 2039 1658 facta.
2112 1591 2182 1658 C.
2221 1590 2409 1658 Clau·

393 1677 536 1741 dius
574 1678 810 1741 flamen
834 1675 1068 1760 Dialis,
1107 1678 1275 1760 quod
1313 1682 1464 1741 exta
1499 1699 1835 1762 perperam
1872 1678 2153 1763 dederat,
2189 1680 2409 1745 flamo-

389 1764 500 1828 nio
547 1765 726 1827 abiit.

324 1862 353 1909 1
566 1850 803 1915 XXIV.
862 1850 985 1914 Per
1037 1850 1209 1916 idem
1260 1855 1517 1935 tempus
1573 1852 1660 1917 M.
1714 1851 2015 1918 Valerius
2071 1853 2410 1939 Laevinus,

392 1940 726 2024 temptatis
754 1938 932 2023 prius
960 1962 1076 2025 per
1106 1945 1357 2006 secreta
1390 1940 1732 2027 conloquia
1757 1941 2125 2027 principum
2152 1941 2410 2028 animis,

393 2029 475 2095 ad
529 2029 842 2095 indictum
898 2034 1048 2095 ante
1103 2030 1185 2094 ad
1237 2030 1303 2094 id
1357 2030 1576 2114 ipsum
1631 2031 1975 2097 concilium
2024 2032 2410 2099 Aetolorum

323 2131 354 2178 2
395 2118 601 2184 classe
647 2118 941 2202 expedita
987 2118 1178 2185 venit.
1242 2118 1355 2183 ubi
1402 2141 1546 2184 cum
1593 2119 1945 2203 Syracusas
1993 2117 2409 2204 Capuamque

395 2211 653 2290 captam
707 2207 778 2270 in
832 2206 1026 2270 fidem
1074 2208 1149 2271 *in
1201 2206 1397 2272 Italia
1438 2207 1785 2292 Siciliaque
1838 2230 2060 2281 tetum
2097 2209 2410 2284 ,secunda-

322 2306 538 2373 &rum
594 2295 985 2358 ostentasset
1039 2293 1507 2377 adiecissetque
1569 2296 1701 2359 iam
1754 2294 1904 2358 inde
1962 2318 2002 2358 a
2054 2296 2409 2361 maioribus

391 2375 701 2443 traditum
755 2399 1002 2442 morem
1054 2378 1366 2444 Romanis
1423 2380 1672 2444 colendi
1729 2380 1964 2465 socios,
2029 2403 2106 2446 ex
2170 2383 2408 2465 quibus

394 2467 560 2532 alios
596 2468 666 2531 in
703 2466 1032 2531 civitatem
1069 2468 1263 2552 atque
1295 2488 1571 2551 aequum
1610 2490 1826 2534 secum
1859 2468 1962 2534 ius
1992 2469 2410 2556 accepissent,

394 2555 558 2623 alios
603 2555 671 2620 in
718 2576 795 2620 ea
832 2553 1097 2620 fortuna
1132 2554 1474 2639 haberent,
1517 2560 1594 2622 ut
1629 2557 1789 2623 socii
1824 2578 1966 2624 esse
2002 2580 2198 2643 quam
2234 2559 2407 2625 cives

321 2663 358 2705 4
394 2646 694 2729 mallent3
743 2644 1015 2710 Aetolos
1071 2665 1145 2711 eo
1193 2645 1262 2709 in
1306 2645 1552 2711 maiore
1603 2645 1857 2712 futuros
1909 2646 2184 2730 honore,
2237 2648 2410 2731 quod

395 2735 684 2820 gentium
711 2735 1296 2798 transmarinarum
1332 2734 1405 2797 in
1439 2734 1788 2800 amicitiam
1823 2735 2020 2818 primi
2055 2736 2407 2800 venissent:
2487 2805 2500 2818 ,

322 2833 355 2883 5
394 2823 770 2907 Philippum
818 2822 911 2886 eis
958 2825 1025 2886 et
1059 2820 1445 2886 Macedonas
1486 2825 1707 2907 gravis
1753 2823 2005 2888 accolas
2045 2845 2210 2907 esse,
2255 2845 2408 2907 quo·

392 2933 537 2977 rum
586 2934 655 2976 se
701 2911 832 2975 vim
889 2930 965 2973 ac
1011 2910 1278 2993 spiritus
1325 2912 1393 2974 et
1438 2911 1571 2975 iam
1616 2910 1887 2995 fregisse
1938 2915 2006 2977 et
2059 2933 2135 2977 eo
2191 2913 2409 2977 redac-

392 3003 612 3063 turum
660 3018 827 3080 esse,
879 2999 956 3059 ut
1008 3018 1141 3061 non
1193 2997 1276 3061 iis
1320 2999 1514 3062 modo
1560 2999 1855 3082 urbibus,
1909 3021 2070 3084 quas
2114 3022 2232 3084 per
2277 3000 2409 3065 vim

394 3084 786 3150 ademissent
831 3080 1109 3168 Aetolis,
1156 3084 1492 3169 excedant,
1553 3086 1666 3151 sed
1709 3087 1921 3170 ipsam
1965 3087 2409 3154 Macedoniam

323 3187 356 3236 6
391 3173 696 3240 infestam
753 3171 1067 3257 habeant3
1121 3176 1188 3239 et
1239 3173 1641 3259 Acarnanas,
1701 3196 1862 3258 quos
1923 3197 2114 3262 aegre
2167 3177 2411 3242 ferrent

391 3263 612 3328 Aetoli
675 3284 715 3326 a
768 3281 1035 3343 corpore
1089 3282 1206 3326 suo
1261 3260 1644 3346 diremptos,
1705 3264 2155 3330 restituturum
2217 3286 2288 3329 se
2340 3265 2408 3328 in

322 3361 352 3409 ‘1
393 3351 726 3434 antiquam
753 3348 1104 3414 formulam
1132 3349 1419 3434 iurisque
1448 3372 1522 3415 ac
1554 3350 1823 3416 dicionis
1852 3373 2074 3417 eorum
2105 3372 2213 3414 —:
2250 3351 2411 3416 haec

392 3437 566 3501 dicta
609 3438 1055 3522 promissaque
1111 3459 1151 3502 a
1193 3438 1489 3503 Romano
1542 3439 1935 3523 imperatore
1980 3438 2244 3522 Scopas,
2297 3441 2408 3524 qui

389 3525 528 3585 tum
561 3529 824 3603 praetor
852 3526 1064 3606 gentis
1095 3530 1260 3608 erat,
1300 3531 1368 3591 et
1394 3525 1849 3608 Dorimachus,
1886 3526 2182 3608 princeps
2214 3527 2412 3593 Aeto-
