2654 3913
371 213 456 277 26
672 212 889 267 mens
924 213 1118 270 xxiv.
1194 214 1346 270 cAP.
1385 221 1470 271 22.
1509 221 1591 270 23.
1668 215 1744 284 [a.
1781 213 1847 268 U.
1884 231 1930 268 ο.
1970 216 2098 285 540]

370 357 660 421 contenti
687 378 842 423 nece
870 359 1132 441 tyranni
1160 360 1399 441 essent,
1429 379 1537 439 an,
1576 358 1958 440 quicumque
1987 361 2099 422 aut
2123 359 2385 444 propin·

373 444 619 529 quitate
676 451 789 512 aut
843 446 1174 511 adfinitate
1230 448 1344 509 aut
1402 444 1636 527 aliquis
1699 445 2074 509 ministeriis
2138 449 2387 531 regiam

268 542 335 591 15
376 534 822 620 contigissent,
850 534 1096 598 alienae
1125 532 1350 614 culpae
1378 533 1473 596 rei
1500 532 1995 599 trucidarentur.
2040 537 2387 617 postquam

374 621 899 687 animadverterit
952 642 1087 702 eOS,
1154 620 1262 703 qui
1322 619 1710 685 liberassent
1761 621 2064 705 patriam,
2129 643 2385 687 servare

373 713 571 775 etiam
599 710 939 772 liberatam
966 708 1131 771 velle
1160 710 1356 790 atque
1393 708 1672 793 undique
1711 709 1958 774 consuli
1986 709 2057 773 in
2086 710 2387 792 medium,

370 820 499 863 non
547 796 905 876 dubitasse,
954 794 1108 878 quin
1157 799 1222 859 et
1268 817 1500 879 corpus
1548 819 1734 862 suum
1783 800 1848 862 et
1893 800 2105 862 cetera
2150 799 2387 883 omnia,

370 904 533 966 quae
582 904 733 947 suae
778 881 926 946 fidei
970 882 1342 967 tutelaeque
1389 890 1632 969 essent,
1688 885 1992 969 quoniam
2048 908 2219 971 eum,
2276 887 2388 970 qui

368 971 765 1054 mandasset,
800 992 951 1035 suus
980 970 1161 1036 furor
1190 973 1683 1056 absumpsisset,
1719 975 1969 1055 patriae
1995 975 2386 1040 restitueret.

266 1068 329 1117 143
368 1079 710 1123 conversus
766 1058 994 1123 deinde
1051 1059 1134 1123 ad
1188 1060 1631 1125 interfectores
1685 1061 1943 1144 tyranni
1999 1083 2073 1126 ac
2126 1064 2387 1128 nomine

370 1147 706 1230 appellans
745 1147 1153 1212 Theodotum
1190 1170 1266 1213 ac
1303 1146 1494 1212 Sosin
1540 1144 1901 1212 “facinus''
1938 1148 2155 1232 inquit
2201 1149 2386 1215 “me-

262 1243 327 1292 17
368 1235 682 1300 morabile
737 1235 1010 1319 fecistis3
1078 1236 1190 1300 sed
1249 1236 1411 1300 mihi
1475 1235 1739 1318 credite,
1802 1235 2106 1301 incohata
2169 1242 2388 1303 vestra

369 1323 604 1408 gloria,
647 1324 932 1388 nondum
968 1323 1257 1407 perfecta
1295 1326 1420 1408 est,
1464 1324 1947 1408 periculumque
1983 1325 2211 1410 ingens
2252 1347 2387 1390 ma-

367 1415 499 1496 net,
525 1411 651 1476 nisi
683 1412 827 1494 paci
856 1415 923 1476 et
950 1411 1329 1478 concordiae
1359 1413 1716 1496 consulitiS,
1738 1433 1820 1477 ne
1848 1412 2057 1477 libera
2087 1413 2389 1478 efferatur

369 1521 473 1565 res
507 1498 823 1583 publica.”

299 1596 326 1644 1
380 1618 485 1656 ε-ν
543 1586 783 1653 XXIII.
826 1586 988 1653 Post
1013 1590 1181 1655 hanc
1208 1591 1566 1655 orationem
1596 1591 1811 1655 claves
1839 1594 2170 1673 portarum
2198 1612 2386 1674 pecu·

366 1677 636 1759 uiaeque
689 1676 906 1759 regiae
963 1681 1109 1741 ante
1163 1677 1358 1760 pedes
1415 1698 1635 1742 eorum
1691 1678 1927 1758 posuit.
2021 1681 2213 1760 atque
2268 1678 2386 1742 illo

367 1764 625 1847 quidem
672 1764 774 1827 die
820 1764 1072 1827 dimissi
1117 1785 1196 1828 ex
1242 1764 1539 1829 contione
1581 1763 1739 1827 laeti
1776 1763 1943 1827 circa
1978 1763 2132 1827 fana
2170 1765 2387 1828 omnia

365 1851 555 1917 deum
592 1852 1114 1934 supplicaverunt
1139 1873 1283 1916 cum
1313 1850 1694 1932 coniugibus
1724 1871 1799 1915 ac
1836 1850 2084 1932 liberis,
2120 1855 2383 1932 postero

296 1948 329 1998 2
369 1939 471 2005 die
529 1941 794 2007 comitia
845 1940 1254 2024 praetoribus
1315 1939 1606 2006 creandis
1661 1938 1905 2004 habita.
2009 1941 2260 2004 creatus
2315 1939 2384 2006 in

365 2029 595 2113 primis
659 2029 1148 2112 Adranodorus,
1220 2028 1418 2093 ceteri
1490 2047 1730 2111 magna
1794 2049 1873 2091 ex
1939 2029 2123 2109 parte
2187 2027 2385 2093 inter-

367 2118 645 2184 fectores
699 2118 985 2203 tyranni3
1051 2117 1210 2182 duos
1267 2116 1462 2180 etiam
1524 2116 1846 2199 absentee,
1903 2112 2253 2197 Sopatrum
2312 2138 2385 2182 ac

292 2215 329 2262 3
370 2206 799 2289 Dinomenen,
845 2206 1151 2271 fecerunt.
1242 2204 1353 2287 qui
1400 2204 1636 2268 auditis
1683 2205 1792 2287 iis,
1840 2224 2001 2287 quae
2050 2202 2385 2288 Syracusis

369 2296 513 2356 acta
559 2297 767 2374 erant,
813 2292 1146 2374 pecuniam
1191 2291 1468 2377 regiam,
1517 2313 1680 2375 quae
1725 2292 1795 2355 in
1840 2290 2177 2355 Leontinis
2227 2295 2386 2376 erat,

369 2377 721 2461 Syracusas
766 2379 1094 2445 devectam
1151 2379 1598 2463 quaestoribus
1656 2378 1738 2443 ad
1780 2380 1852 2444 id
1891 2379 2104 2462 ipsum
2151 2378 2385 2443 creatis

294 2476 331 2524 4
368 2466 787 2530 tradiderunt.
879 2470 945 2531 et
991 2489 1090 2551 ea,
1136 2489 1301 2553 quae
1347 2468 1418 2532 in
1463 2466 1684 2532 Insula
1730 2471 1872 2532 erat
1882 2517 1900 2551 ,
1947 2465 2387 2530 Achradinam

365 2552 607 2618 tralata
662 2557 789 2637 est3
855 2555 1147 2640 murique
1202 2576 1280 2620 ea
1334 2578 1514 2639 pars,
1579 2577 1741 2639 quae
1806 2555 1887 2620 ab
1954 2556 2169 2618 cetera
2227 2555 2386 2618 urbe

364 2641 557 2705 nimis
610 2641 799 2708 firmo
856 2644 1258 2709 munimento
1312 2644 1820 2726 intersaepiebat
1863 2642 2183 2724 Insulam,
2241 2663 2386 2706 con-

369 2750 559 2793 sensu
595 2730 882 2795 omnium
924 2731 1168 2797 deiecta
1205 2735 1320 2796 est.
1397 2735 1654 2797 secutae
1692 2736 1758 2796 et
1793 2734 2042 2796 ceterae
2079 2750 2182 2792 res
2219 2728 2388 2794 hanc

288 2837 293 2842 ·
367 2817 854 2883 inclinationem
903 2819 1264 2884 animorum
1313 2819 1396 2884 ad
1441 2820 1833 2885 libertatem.

295 2911 328 2962 5
543 2903 971 2988 Hippocrates
1009 2912 1202 2990 atque
1239 2907 1562 2991 Epicydes
1606 2906 1826 2971 audita
1862 2909 2068 2970 morte
2105 2906 2387 2991 tyranni,

369 3013 564 3075 quam
607 2992 1040 3076 Hippocrates
1089 2995 1286 3058 etiam
1331 2995 1558 3059 nuntio
1617 2993 1956 3058 interfecto
2014 2995 2224 3061 celare
2279 3017 2387 3061 vo-

366 3080 603 3164 luerat,
641 3081 877 3146 deserti
916 3104 954 3146 a
992 3083 1341 3165 militibus,
1372 3082 1522 3166 quia
1557 3083 1623 3146 id
1660 3081 2059 3148 tutissimum
2096 3105 2174 3147 ex
2201 3104 2390 3166 prae-

298 3179 335 3227 6
374 3168 665 3234 sentibus
712 3169 1080 3254 videbatur,
1117 3167 1468 3252 Syracusas
1504 3170 1765 3234 rediere.
1836 3170 1949 3234 ubi
1984 3192 2067 3236 ne
2105 3170 2388 3254 suspecti

373 3257 871 3323 obversarentur
916 3261 1249 3341 tamquam
1292 3258 1576 3323 novandi
1621 3279 1724 3323 res
1777 3258 2060 3342 aliquam
2108 3258 2390 3323 occasio·

369 3366 519 3409 nem
559 3349 964 3429 quaerentes,
1001 3349 1333 3429 praetores
1370 3346 1675 3430 primum,
1724 3346 1873 3410 dein
1908 3368 2022 3430 per
2060 3366 2168 3410 eos
2207 3366 2388 3409 sena·

296 3441 332 3490 7
371 3433 509 3494 tum
571 3434 832 3520 adeunt3
901 3434 982 3499 ab
1038 3433 1406 3499 Hannibale
1462 3456 1530 3499 se
1591 3435 1823 3499 missos
1877 3432 2254 3515 praedicant
2309 3433 2389 3498 ad

373 3516 841 3604 Hieronymum
894 3525 1229 3607 tamquam
1285 3523 1565 3587 amicum
1624 3543 1702 3587 ac
1763 3521 2035 3604 socium,
2097 3522 2390 3605 paruisse
