2654 3913
170 2132 300 2173 μεθ’

667 232 883 287 LLBER
920 232 1092 287 xxv.
1132 232 1283 288 cAP.
1322 238 1408 288 22.
1446 240 1530 289 23.
1572 235 1644 304 [a.
1685 234 1743 289 o.
1780 236 1910 305 212]
2206 235 2291 300 85

282 376 611 443 Hannibal
655 378 995 463 magnifice
1042 376 1380 460 respondit
1424 380 1490 441 et
1537 379 1726 441 antea
1767 398 1836 442 se
1873 379 2143 443 solvisse
2180 379 2290 444 ob-

281 467 595 533 sidionem
635 470 699 531 et
733 486 904 530 nunc
941 464 1286 529 adventum
1325 486 1512 529 suum
1545 465 1837 530 consules
1864 488 1998 531 non
2025 467 2291 531 laturos.

282 577 421 620 cum
475 555 597 621 hae
651 576 765 638 spe
822 553 1071 618 dimissi
1129 552 1333 637 legati
1379 553 1485 617 vix
1528 553 1781 637 regredi
1827 552 2116 637 Capuam
2159 555 2290 619 iam
2313 567 2377 615 16

281 644 359 707 du
441 644 518 707 ‘ci
562 643 742 707 fossa
786 642 1087 724 valloque
1133 641 1414 705 cinctam
1458 643 1827 725 potuerunt.

452 730 694 795 XXIII.
785 728 949 795 Cum
1020 750 1316 819 magume
1392 726 1611 811 Capua
1683 730 2292 814 circumvallaretur,
2330 742 2360 791 1

279 818 747 903 Syracusarum
793 817 1191 902 oppugnatio
1240 816 1321 880 ad
1366 816 1562 880 finem
1603 818 1799 901 venit,
1841 822 2290 902 praeterquam

278 907 344 971 vi
402 929 478 973 ac
523 908 763 971 virtute
808 905 986 970 ducis
1033 904 1501 988 exercitusque,
1545 905 1856 970 intestina
1902 905 2099 970 etiam
2143 928 2320 991 pro-¹

279 995 524 1060 ditione
563 994 799 1060 adiuta.
867 1014 1147 1077 namque
1173 991 1522 1057 Marcellus
1559 993 1747 1059 initio
1783 995 1953 1060 veris
1990 995 2290 1079 incertuS,
2313 991 2360 1054 {2

281 1086 499 1152 utrum
562 1075 1153 1167 Agrigentude
1216 1080 1651 1147 Himilconem
1715 1085 1781 1146 et
1844 1081 2292 1167 Hippocraten

281 1174 559 1237 verteret
630 1170 901 1254 bellum,
973 1190 1057 1233 an
1130 1168 1466 1234 obsidione
1531 1168 1883 1253 Syracusas
1954 1172 2360 1272 premeretja

280 1281 670 1344 quamquam
725 1279 844 1323 nec
888 1256 954 1321 vi
999 1258 1143 1341 capi
1186 1257 1451 1322 videbat
1494 1279 1684 1341 posse
1729 1259 2294 1343 inexpugnabilem

281 1348 571 1413 terrestri
626 1343 1076 1412 acinaritimo
1123 1345 1255 1411 situ
1300 1346 1528 1410 urbem
1575 1366 1714 1430 1¹59„
1735 1347 1937 1430 fame„
1982 1350 2057 1410 ut
2101 1370 2382 1431 quam,„.„1

279 1458 482 1520 prope
529 1435 721 1499 liberi
767 1456 806 1497 a
852 1431 1249 1517 Carthagine
1295 1436 1691 1498 commeatus
1719 1425 2015 1517 alerent,
2059 1437 2296 1519 tamen,
2329 1448 2363 1496 4

280 1545 363 1588 ne
419 1523 570 1608 quid
616 1523 1023 1613 {ngr-mettum
1067 1522 1487 1605 relinqueret,
1532 1521 1904 1606 transfugas
1952 1518 2293 1605 Syracusa-

282 1633 401 1677 nos
446 1629 533 1657 —'
570 1613 755 1675 erant
800 1613 1018 1674 autem
1065 1610 1237 1695 apud
1282 1609 1611 1675 Romanos
1659 1610 1859 1694 aliqui
1901 1610 2294 1674 nobilissimi

282 1701 405 1764 viri
449 1700 619 1764 inter
659 1698 1083 1780 defectionem
1121 1700 1203 1764 ab
1242 1698 1571 1783 Romanis,
1616 1699 1770 1784 quia
1806 1699 1887 1763 ab
1924 1699 2109 1764 novis
2148 1720 2294 1764 con-

282 1789 447 1853 siliis
521 1785 983 1871 abhorrebant,
1056 1787 1229 1871 pulsi
1297 1822 1376 1833 --
1444 1787 1805 1872 comederitis
1847 1787 2474 1875 „suasipffisssWW

186 1949 195 1952 ,
282 1880 599 2028 temptare
661 1876 998 1961 hominum
1062 1876 1311 1939 animos
1374 1865 1565 1941 iussit
1625 1880 1691 1941 et
1752 1862 1806 1939 fi'
1842 1898 1943 1940 em
1959 1855 2173 1959 mdare,
2238 1877 2295 1941 si

315 1987 387 2028 ra
434 1989 453 2028 1
487 1987 561 2028 ae
607 1945 822 2029 foffint
868 1964 1248 2048 Syracusae,
1302 1965 1539 2030 liberos
1586 1987 1696 2031 eos
1745 1978 1819 2029 ac
1863 1988 1995 2029 suis
2041 1956 2294 2048 legibus

284 2053 569 2137 acturos
624 2074 782 2117 esse.
872 2074 1001 2116 non
1048 2057 1187 2116 erat
1233 2054 1559 2137 conloquii
1604 2054 1816 2136 copia,
1868 2052 2017 2135 quia
2061 2053 2294 2117 multo·
2333 2065 2366 2113 5

284 2162 429 2203 rum
477 2139 675 2203 animi
721 2162 795 2203 su
831 2139 1005 2222 pecti
1050 2140 1336 2206 omnium
1383 2141 1994 2224 ffiffiffi“'oculosque
2042 2160 2296 2203 conver-

285 2210 1183 2312 terantmiifflalleret
1226 2229 1357 2294 tale
1406 2229 1774 2294 admissum.
1863 2250 2082 2293 servus
2127 2249 2294 2292 unus
2334 2242 2366 2290 6

283 2317 542 2381 exulum
588 2338 705 2401 pro
752 2316 1095 2402 transfuga
1138 2317 1551 2384 intromissus
1596 2319 1665 2382 in
1701 2317 1927 2383 urbem
1964 2305 2547 2399 congentismwffl”

252 2406 500 2489 QQS
563 2406 823 2470 initium
885 2405 1314 2489 conloquendi
1378 2407 1456 2472 de
1511 2407 1643 2472 tali
1696 2429 1764 2471 re
1817 2407 1992 2472 fecit.
2080 2406 2299 2471 deinde

285 2494 353 2555 in
397 2493 750 2574 piscatoria
796 2493 1058 2574 quidam
1102 2515 1264 2558 nave
1311 2516 1344 2556 r
1382 2497 1558 2579 tibus
1607 2496 1816 2579 operti
1862 2494 2296 2560 circumvecti-

274 2599 410 2661 que
476 2579 572 2641 ita
627 2579 709 2641 ad
763 2582 976 2641 castra
1027 2579 1326 2642 Romana
1380 2560 1827 2661 conlocutique
1891 2603 2036 2645 cum
2089 2585 2297 2644 trans-

285 2665 478 2751 fugis,
526 2668 593 2729 et
634 2663 828 2727 iidem
874 2664 1133 2747 saepius
1180 2664 1403 2727 eodem
1448 2666 1639 2729 modo
1688 2671 1753 2728 et
1791 2667 1902 2728 alii
1937 2670 2129 2749 atque
2167 2666 2299 2730 alii.

285 2757 614 2838 postremo
671 2751 752 2816 ad
809 2751 1146 2837 octoginta
1189 2750 1365 2814 facti.
1456 2756 1524 2816 et
1568 2772 1714 2815 cum
1759 2752 1893 2815 iam
1940 2753 2299 2835 composita
2338 2765 2369 2813 7

288 2842 503 2907 omnia
560 2840 641 2906 ad
668 2835 1127 2925 “proditionem
1184 2842 1426 2923 essent,
1479 2839 1724 2918 indicio,
1762 2839 1976 2923 delato
2023 2835 2301 2923 mpi-

289 2930 487 3012 cyden
549 2951 663 3014 per
716 2928 1017 2993 Attalum
1077 2926 1419 3012 quendam,
1473 2916 1818 3025 Indignam}
1819 2920 1958 2993 em*
1982 2928 2108 2993 sibi
2162 2950 2300 2992 rem

289 3016 619 3101 creditam,
649 3039 783 3083 non
837 3038 1005 3100 esse,
1056 3017 1271 3081 necati
1325 3037 1546 3082 omnes
1605 3039 1758 3100 cum*
1796 3017 2082 3101 cruciatu
2130 3021 2297 3082 sunt.

283 3091 418 3169 ”alia
465 3103 733 3169 subinde
779 3128 927 3189 spes
937 3155 955 3189 ,
1009 3108 1356 3188 postquam
1402 3106 1560 3172 haec
1606 3087 2139 3209 VffffiwffiffiP-ffff,
2195 3126 2297 3169 ex·
2334 3115 2369 3164 8

289 3193 474 3275 cepit.
564 3192 922 3276 Damippus
976 3194 1237 3275 quidam
1294 3192 1866 3280 Lacedaemoniu8‚
1921 3195 2159 3260 missus
2216 3193 2297 3255 ab

289 3279 618 3364 Syracusis
680 3281 762 3343 ad
815 3279 1190 3365 Philippum
1247 3302 1498 3366 regem,
1562 3284 1787 3364 captus
1846 3283 1927 3346 ab
1984 3279 2296 3345 Romanis

284 3369 554 3433 navibus
618 3371 776 3433 erat.
873 3368 1064 3433 huius
1136 3369 1321 3450 utiqu
1423 3370 1778 3434 redimendi
1842 3372 1909 3433 et
1968 3366 2297 3453 Epicydae
2336 3378 2369 3427 9

2371 2396 2406 2433 ί.

2407 2314 2600 2479 1Ἱῷ

2412 2793 2448 2805 W

286 3478 437 3522 cura
475 3459 617 3523 erat
650 3455 900 3542 ingens,
942 3476 1060 3521 nec
1099 3478 1137 3520 a
1181 3479 1294 3521 nu1
1362 3456 1721 3542 Marcellus,
1756 3458 1889 3522 iam
1925 3460 2066 3522 tum
2104 3456 2299 3520 Aeto·
2395 3503 2410 3529 2

285 3544 520 3630 lorum,
589 3546 819 3629 quibus
886 3545 1045 3610 socii
1106 3543 1595 3610 Lacedaemonii
1664 3550 1876 3631 erant,
1941 3544 2296 3671 amiciti’ffln

2241 3796 2295 3846 Γ
2311 3804 2324 3835 ·'
