2654 3913
361 201 449 269 34
660 197 875 250 LIBER
910 198 1106 253 XXIV.
1183 197 1333 252 CAP.
1375 205 1459 252 30.
1498 204 1581 252 31.
1660 198 1733 268 [a.
1770 197 1835 254 U.
1873 213 1917 252 c.
1957 198 2083 268 540]

292 352 326 400 ’1
364 341 547 406 milia
583 341 945 425 hominum3
982 345 1266 406 ceterum
1292 339 1754 404 Leontinorum
1781 340 2187 422 militumque
2216 340 2374 405 alio-

361 451 507 494 rum
549 451 737 494 nemo
784 433 935 512 post
980 431 1235 512 captam
1273 427 1499 492 urbem
1535 426 1813 492 violatus
1849 427 2087 510 fuerat,
2134 449 2375 510 suaque

363 518 583 583 omnia
636 519 755 602 eis,
819 518 947 582 nisi
1003 537 1164 600 quae
1219 514 1463 597 primus
1528 515 1846 580 tumultus
1910 518 2137 597 captae
2196 516 2375 580 urbis

290 617 326 667 8
364 607 840 689 absumpserat,
884 602 1411 668 restituebantur.
1499 623 1616 667 nec
1661 606 1737 668 ut
1778 601 2126 667 Leontinos
2187 603 2375 680 irent,

360 695 652 778 proditos
708 693 788 756 ad
834 692 1092 756 caedem
1148 690 1624 755 commilitones
1680 694 2019 774 querentes
2031 740 2050 774 ,
2103 691 2375 774 perpelli

360 785 654 864 potuere,
715 800 833 843 nec
898 783 971 844 ut
1026 779 1252 843 eodem
1315 779 1462 844 loco
1519 779 1861 844 certiorem
1911 779 2209 844 nuntium
2270 800 2375 842 ex·

288 881 324 928 9
359 869 713 951 pectarent.
785 886 930 930 cum
968 866 1049 930 ad
1085 866 1508 931 defectionem
1554 867 1901 932 inclinatos
1950 867 2199 932 animos
2244 887 2374 930 cer·

357 957 588 1019 nerent
640 958 1000 1038 praetores,
1066 955 1177 1019 sed
1241 976 1387 1019 eum
1450 958 1701 1020 motum
1765 954 1939 1019 haud
2002 956 2377 1020 diuturnum

358 1042 522 1126 fore,
552 1042 609 1106 si
636 1043 826 1107 duces
855 1042 1174 1107 amentiae
1203 1042 1449 1107 sublati
1487 1046 1729 1125 essent,
1758 1043 2105 1107 exercitum
2136 1043 2377 1108 ducunt

257 1141 324 1190 10
359 1129 652 1215 Megara,
697 1130 822 1214 ipsi
869 1152 1013 1195 cum
1058 1130 1279 1214 paucis
1318 1131 1646 1214 equitibus
1683 1128 2047 1195 Herbesum
2091 1131 2377 1214 proficis·

360 1221 588 1282 cuntur
654 1241 767 1303 spe
838 1217 1083 1283 territis
1154 1219 1451 1282 omnibus
1525 1239 1640 1301 per
1701 1217 2131 1301 proditionem
2197 1218 2373 1282 urbis

257 1318 320 1366 11
359 1306 729 1389 potiundae.
803 1306 973 1389 quod
999 1306 1113 1371 ubi
1141 1306 1387 1370 frustra
1415 1306 1507 1370 eis
1535 1306 1663 1370 fuit
1697 1306 2050 1390 inceptum,
2087 1304 2154 1371 vi
2183 1324 2375 1388 agen-

362 1394 511 1459 dum
559 1395 685 1459 rati
727 1398 986 1477 postero
1036 1395 1134 1458 die
1179 1394 1467 1480 Megaris
1514 1397 1728 1459 castra
1771 1398 2056 1478 movent,
2102 1398 2177 1459 ut
2212 1392 2391 1475 Her-A

258 1494 321 1542 12
360 1482 587 1547 besum
643 1483 940 1548 omnibus
996 1483 1199 1566 copiis
1253 1485 1720 1566 oppugnarent.
1817 1481 2251 1566 Hippocrates
2312 1484 2378 1546 et

358 1570 709 1654 Epicydes„
761 1591 893 1634 non
946 1573 1082 1634 tam
1136 1573 1351 1635 tutum
1405 1571 1616 1653 prima
1669 1570 1881 1653 specie
1938 1593 2133 1654 quam
2179 1592 2376 1635 unum

360 1681 475 1741 spe
510 1658 790 1741 undique
827 1658 1082 1722 abscisa
1109 1659 1450 1722 consilium
1480 1679 1618 1722 esse
1654 1659 1809 1740 rati,
1844 1660 1919 1721 ut
1958 1679 2026 1721 se
2053 1658 2374 1721 militibus

356 1746 808 1827 permitterent
853 1749 919 1810 et
972 1745 1255 1809 adsuetis
1302 1764 1541 1828 magna
1597 1765 1673 1808 ex
1717 1747 1903 1828 parte
1951 1745 2077 1808 sibi
2123 1747 2191 1808 et
2233 1748 2376 1808 tum

357 1831 533 1896 fama
588 1832 800 1897 caedis
857 1832 1366 1898 commilitonum
1432 1832 1741 1915 accensiS,
1805 1831 2066 1896 obviam
2131 1832 2376 1916 agmini

256 1931 321 1981 13
356 1920 729 2004 procedunt.
799 1922 1011 2006 prima
1052 1921 1223 1986 forte
1264 1920 1456 2005 signa
1497 1921 1931 1986 sescentorum
1972 1917 2374 1985 Cretensium

360 2012 568 2093 erant,
631 2009 741 2093 qui
804 2010 973 2093 apud
1027 2008 1494 2092 Hieronymum
1546 2011 1915 2074 meruerant
1971 2008 2091 2072 sub
2159 2008 2250 2073 eis
2310 2012 2376 2073 et

357 2087 751 2163 Hannibalis
779 2098 1156 2162 beneficium
1183 2097 1528 2180 habebant,
1556 2097 1731 2181 capti
1760 2096 1841 2162 ad
1861 2096 2376 2161 Trasumennum

246 2198 324 2246 ⁴14.
358 2186 530 2250 inter
556 2186 997 2250 Romanorum
1026 2185 1268 2250 auxilia
1297 2184 1687 2268 dimissique.
1734 2206 1893 2268 quos
1922 2185 2036 2249 ubi
2064 2206 2141 2248 ex
2169 2184 2375 2268 signis

360 2294 808 2356 armorumque
845 2274 1074 2338 habitu
1111 2293 1497 2357 cognovere,
1532 2272 1964 2355 Hippocrates
2003 2276 2197 2355 atque
2222 2272 2375 2355 Epi-

359 2360 548 2442 cydes
594 2381 810 2424 ramos
857 2361 1037 2425 oleae
1092 2382 1167 2425 ac
1212 2360 1577 2425 velamenta
1630 2359 1762 2424 alia
1817 2360 2178 2444 supplicum
2230 2380 2376 2442 por·

358 2447 645 2533 rigentes
693 2469 875 2512 orare
884 2497 903 2531 ,
948 2451 1022 2512 ut
1056 2448 1417 2531 reciperent
1453 2466 1619 2531 sese,
1664 2450 1957 2531 receptos
1993 2450 2377 2531 tutarentur,

357 2556 483 2600 neu
529 2535 872 2619 proderent
917 2532 1339 2620 Syracusanis
1352 2586 1370 2619 ,
1425 2558 1464 2601 a
1519 2536 1749 2620 quibus
1804 2536 1933 2618 ipsi
1978 2557 2129 2600 mox
2183 2535 2378 2600 truci-

293 2636 320 2682 1
363 2623 557 2689 dandi
608 2624 851 2708 populo
906 2624 1202 2689 Romano
1262 2624 1660 2690 dederentur.
1756 2622 1991 2688 XXXI.
2055 2624 2378 2688 enimvero

361 2713 794 2796 conclamant,
837 2713 1078 2778 bonum
1133 2716 1206 2778 ut
1259 2713 1549 2777 animum
1601 2713 1941 2777 haberent:
1998 2723 2252 2776 omnem
2308 2731 2376 2774 se

288 2813 322 2861 2
361 2822 506 2865 611111
550 2800 682 2865 11116
738 2801 1070 2866 fortunam
1126 2800 1476 2866 subituros..
1565 2800 1736 2865 inter
1789 2799 1912 2863 hoc
1967 2798 2377 2881 conloquium

363 2889 551 2971 signa
587 2890 1014 2953 constiterant
1048 2888 1515 2971 tenebaturque
1554 2908 1819 2972 agmen;
1864 2884 2165 2970 necdum,
2199 2906 2370 2970 ‚quae

362 2978 580 3038 morae
646 2996 839 3038 causa
899 2975 1070 3039 foret
1081 3024 1098 3057 ,
1162 2976 1543 3057 pervenerat
1599 2974 1679 3037 ad
1733 2973 1941 3037 duceS.
2030 2978 2376 3059 postquam

360 3060 804 3145 Hippocraten
843 3065 1034 3144 atque
1060 3061 1400 3144 Epicyden
1435 3062 1640 3126 adesse
1674 3061 1918 3127 ordines
1951 3063 2240 3145 pervasit
2273 3085 2376 3128 ru-

363 3171 532 3233 mor,
584 3148 1004 3232 fremitusque
1068 3151 1208 3214 toto
1274 3149 1532 3232 agmine
1595 3153 1737 3214 erat
1796 3150 1970 3215 haud
2027 3151 2220 3217 dubie
2275 3150 2378 3215 ad-

363 3238 781 3323 probantium
811 3236 1152 3302 adventum
1181 3258 1421 3320 eorum,
1450 3238 1771 3321 extemplo
1799 3242 2130 3322 praetores
2161 3237 2376 3303 citatis

293 3338 328 3387 3
367 3328 546 3410 equis
595 3326 674 3392 ad
723 3325 931 3409 prima
969 3324 1156 3409 signa
1196 3328 1637 3408 perrexerunt.
1711 3327 1821 3410 qui
1856 3348 1996 3391 mos
2032 3327 2169 3408 ille,
2216 3345 2377 3409 quae

366 3414 630 3478 licentia
667 3410 1071 3479 Cretensium
1110 3416 1304 3496 esset,
1349 3413 1711 3497 rogitantes
1753 3414 2090 3498 conloquia
2127 3411 2379 3476 serendi

369 3519 515 3563 cum
560 3501 747 3567 hoste
792 3501 1164 3587 iniussuque
1209 3507 1586 3586 praetorum
1629 3501 1939 3568 miscendi
1983 3521 2094 3565 666
2136 3500 2381 3589 agmini
