2654 3913
603 159 818 214 LIBER
853 159 1047 216 XXVI.
1124 161 1275 215 CAP.
1320 168 1402 216 19.
1439 170 1524 217 20.
1600 165 1673 233 [a.
1712 166 1769 218 C.
1807 169 1935 237 211]
2148 168 2277 231 135

266 308 522 370 tereret.
613 304 720 369 hic
777 326 942 388 11108,
1000 325 1177 386 quem
1229 326 1345 388 per
1399 326 1653 369 omnem
1708 306 1908 370 vitam
1964 308 2280 389 servabat,
2316 321 2354 369 6

266 414 383 457 seu
430 392 724 457 consulto
772 414 884 457 seu
930 395 1170 457 temere
1211 393 1516 476 vulgatae
1554 392 1845 476 opinioni
1880 393 2073 458 fidem
2110 359 2281 476 apud

270 480 581 563 quosdam
625 479 781 546 fecit
828 480 1053 562 stirpis
1101 503 1246 545 eum
1301 480 1557 545 divinae
1602 481 1812 545 virum
1869 503 2034 565 esse,
2079 484 2283 545 rettu-
2317 494 2352 542 7

268 570 472 652 litque
517 568 760 634 famam
806 568 877 631 in
915 567 1283 633 Alexandro
1326 567 1565 653 Magno
1603 569 1781 652 prius
1819 569 2180 653 vulgatam,
2187 567 2284 633 013

270 650 554 721 1011115010
602 661 670 722 et
712 656 937 721 fabula
987 678 1238 740 parem,
1297 657 1527 741 anguis
1581 657 1884 721 immanis
1940 657 2284 723 concubitu

268 748 681 829 conceptum,
725 747 792 809 et
834 744 904 807 in
949 744 1242 810 cubiculo
1288 745 1517 809 matris
1555 745 1690 810 eius
1728 745 1937 810 visam
1975 766 2285 830 persaepe

267 833 550 917 prodigii
604 832 741 897 eius
796 832 1079 915 speciem
1135 832 1628 916 interventuque
1681 832 2019 899 hominum
2070 834 2283 898 evolu-

268 926 406 986 tam
452 924 718 1004 repente
774 922 967 1004 atque
1025 942 1102 985 ex
1147 921 1350 985 oculis
1412 921 1721 1023 elapsam.
1802 921 1906 986 his
1952 921 2283 986 miraculis
2320 933 2357 983 8

267 1031 622 1093 numquam
668 1008 748 1075 ab
804 1009 947 1093 ipso
1003 1009 1184 1074 elusa
1226 1009 1387 1074 fides
1434 1014 1558 1093 est3
1614 1009 1770 1093 quin
1822 1009 2041 1092 potius
2095 1014 2286 1074 aucta

271 1100 409 1162 arte
456 1097 733 1180 quadam
778 1119 898 1162 nec
946 1097 1268 1162 abnuendi
1319 1098 1451 1162 tale
1509 1097 1852 1182 quicquam
1905 1118 2024 1162 nec
2067 1096 2285 1180 palam

268 1185 665 1251 adfirmandi.
737 1186 948 1250 multa
976 1186 1108 1250 alia
1145 1185 1431 1250 eiusdem
1460 1186 1742 1270 generis,
1772 1185 1904 1250 alia
1939 1206 2117 1268 vera,
2155 1185 2285 1249 alia
2323 1195 2358 1244 9

273 1274 687 1358 adsimulata,
747 1272 1191 1338 admirationis
1253 1272 1574 1337 humanae
1638 1273 1707 1337 in
1764 1294 1839 1338 eo
1894 1273 2124 1338 iuvene
2178 1294 2286 1338 ex-

271 1364 598 1427 cesserant
624 1360 913 1446 modum;
954 1360 1186 1444 quibus
1212 1358 1384 1424 freta
1420 1363 1574 1425 tunc
1599 1359 1829 1425 civitas
1859 1360 2059 1426 aetati
2084 1360 2287 1426 haud-

273 1469 597 1533 quaquam
661 1452 954 1513 maturae
1017 1450 1271 1511 tantam
1324 1469 1540 1512 rerum
1605 1448 1843 1512 molem
1908 1451 2287 1532 tantumque

271 1536 613 1619 imperium
655 1536 967 1619 permisit.

450 1624 553 1687 Ad
601 1645 709 1689 eas
756 1625 975 1707 copias
985 1674 1004 1707 ,
1050 1646 1210 1708 quas
1257 1646 1334 1689 ex
1382 1628 1598 1690 vetere
1647 1626 1930 1691 exercitu
1966 1624 2286 1710 Hispania
2327 1636 2395 1684 10

271 1713 556 1778 habebat
603 1733 892 1796 quaeque
940 1735 978 1777 a
1022 1711 1311 1778 Puteolis
1372 1734 1517 1777 cum
1564 1710 1633 1779 C.
1676 1711 1936 1779 Nerone
1981 1716 2287 1780 traiectae

273 1804 485 1884 erant,
531 1801 749 1866 decem
796 1801 976 1866 milia
1020 1802 1301 1866 militum
1349 1806 1413 1865 et
1448 1801 1616 1867 mille
1651 1802 1898 1885 equites
1940 1802 2286 1887 adduntur3

273 1891 340 1953 et
382 1888 470 1952 M.
503 1889 726 1955 Iunius
766 1885 1021 1954 Silanus
1057 1894 1440 1974 propraetor
1481 1888 1740 1956 adiutor
1784 1889 1867 1954 ad
1913 1912 2013 1955 res
2061 1912 2286 1978 geren-

272 1978 387 2042 das
455 1978 642 2042 datus
707 1981 824 2042 est.
923 1979 1018 2041 ita
1080 1999 1225 2043 cum
1287 1978 1564 2063 triginta
1618 1979 1881 2043 navium
1937 1979 2145 2044 classe
2205 2016 2282 2026 —
2327 1991 2387 2037 11

274 2086 496 2131 omnes
535 2068 752 2129 autem
788 2064 1278 2148 quinqueremes
1316 2071 1505 2128 erant
1538 2101 1613 2110 —
1646 2065 1725 2129 ab
1754 2064 1937 2128 081118
1964 2064 2288 2131 Τ1110111118

272 2153 601 2237 profectus
638 2155 896 2237 praeter
934 2174 1114 2217 oram
1141 2151 1340 2217 Tusci
1365 2152 1591 2236 1110110,
1629 2152 1828 2236 Alpes
1867 2155 2061 2236 atque
2089 2150 2289 2218 Galli-

275 2263 420 2307 cum
467 2243 679 2306 sinum
725 2243 793 2306 et
837 2240 1063 2306 deinde
1106 2239 1426 2325 Pyrenaei
1476 2241 1941 2307 circumvectus
1986 2263 2287 2324 promun-

272 2331 543 2416 turium,
596 2328 960 2414 Emporiis,
1006 2330 1161 2394 urbe
1209 2327 1456 2396 Graeca
1499 2365 1586 2376 —
1643 2329 1894 2395 oriundi
1949 2332 2016 2394 et
2066 2330 2195 2414 ipsi
2250 2355 2290 2396 a

272 2418 569 2484 Phocaea
614 2422 765 2482 sunt
810 2454 914 2502 —,
961 2418 1180 2502 copias
1220 2418 1532 2502 exposuit.
1605 2418 1755 2483 inde
1794 2418 1976 2502 sequi
2011 2420 2287 2485 navibus
2328 2429 2396 2478 12

273 2507 468 2570 iussis
488 2506 917 2570 Tarraconem
937 2506 1206 2588 pedibus
1236 2506 1566 2588 profectus
1594 2510 1981 2571 conventum
2002 2509 2289 2572 omnium

275 2593 597 2658 sociorum
634 2627 717 2638 —
758 2592 995 2655 etenim
1031 2592 1393 2675 legationes
1427 2593 1507 2654 ad
1542 2592 1786 2656 famam
1824 2593 1958 2655 eius
1996 2613 2075 2657 ex
2111 2595 2291 2657 omni

275 2703 344 2746 se
389 2679 751 2781 provincia·
773 2678 1131 2743 effuderant
1175 2714 1259 2724 —
1306 2679 1555 2742 habuit.
1639 2698 1836 2742 naves
1881 2677 1976 2741 ibi
2019 2678 2291 2744 subduci
2330 2692 2394 2739 13

275 2770 465 2834 iussit
500 2767 789 2834 remissis
827 2769 1134 2851 quattuor
1164 2765 1541 2829 triremibus
1567 2764 2098 2850 Massiliensium,
2125 2789 2290 2851 quae
2340 2783 2346 2788 '

275 2856 478 2922 officii
542 2877 736 2922 causa
790 2854 872 2919 ab
930 2853 1119 2919 domo
1173 2856 1554 2937 prosecutae
1610 2854 1884 2919 fuerant.
1981 2875 2292 2943 responsa
2330 2865 2399 2914 14

274 2943 421 3008 inde
466 2943 903 3029 legationibus
951 2941 1279 3025 suspensis
1322 2941 1636 3007 varietate
1681 2945 1856 3027 tqtu
1828 2963 2091 3029 casuum
2137 2942 2290 3008 dare

276 3032 492 3117 coepit
543 3033 639 3096 ita
692 3031 865 3095 elato
923 3030 1005 3095 ab
1061 3030 1316 3114 ingenti
1371 3026 1685 3095 virtutum
1740 3052 2001 3095 suarum
2053 3028 2292 3098 fiducia

277 3119 521 3204 anim0,
575 3125 649 3185 ut
692 3118 947 3183 nullum
990 3117 1173 3183 ferox
1217 3118 1485 3183 verbum
1540 3119 1882 3202 excideret,
1934 3120 2289 3205 ingensque

276 3208 600 3290 0011111108,
629 3228 792 3291 quae
830 3207 1097 3291 diceret,
1133 3228 1281 3272 cum
1316 3207 1625 3271 maiestas
1661 3207 1904 3272 inesset
1938 3211 2080 3272 tum
2113 3207 2290 3273 fides.

274 3295 413 3363 XX.
469 3296 799 3382 profectus
846 3296 927 3361 ab
976 3295 1340 3361 Tarracone
1397 3298 1463 3358 et
1509 3295 1804 3381 civitates
1859 3295 2179 3359 sociorum
2224 3299 2292 3361 et
2329 3308 2359 3355 1

273 3384 547 3473 hiberna
600 3384 917 3449 exercitus
974 3384 1136 3448 adiit
1215 3370 1749 3466 conlaudavit‘ue
1803 3372 2094 3467 milites,
2119 3383 2291 3467 quod

277 3460 547 3539 duabus
583 3473 785 3538 tantis
847 3456 1144 3556 deinceps
1205 3472 1493 3536 cladibus
1558 3404 1671 3536 ictqi
1724 3471 2123 3554 provinciam
2182 3472 2292 3537 ob·
