2654 3913
331 150 459 213 152
619 148 835 203 LIBER
868 148 1061 202 XXVI.
1137 148 1288 202 CAP.
1326 155 1411 204 33.
1452 156 1536 203 34.
1613 149 1689 219 [a.
1730 148 1791 202 U.
1830 164 1876 202 c.
1917 149 2044 220 544]

258 306 292 353 9
329 299 536 377 tasse;
593 298 956 359 ceterorum
1002 293 1289 359 omnium
1337 292 1817 377 Campanorum
1872 293 2143 357 eundem
2191 311 2344 376 erga

327 403 448 448 nos
496 383 786 448 animum
833 403 1022 465 quem
1059 379 1696 467 Carthaginiensium
1741 380 1968 465 fuisse,
2015 381 2349 464 securique

328 491 670 555 percussos
735 493 775 535 a
839 470 913 545 Q.
967 469 1194 536 Fulvio
1260 491 1403 534 esse
1456 470 1667 555 magis
1725 491 1996 553 quorum
2060 468 2344 553 dignitas

225 570 294 617 10
329 560 502 624 inter
549 559 714 624 alios
762 579 957 643 quam
1005 580 1280 642 quorum
1335 558 1524 641 culpa
1570 558 1911 624 eminebat.
2000 578 2118 641 per
2165 579 2345 622 sena-

329 651 472 713 tum
520 649 630 732 agi
675 647 752 711 de
790 645 1166 731 Campanis,
1214 647 1325 730 qui
1361 647 1532 711 cives
1568 644 1849 712 Romani
1884 649 2062 729 sunt,
2097 646 2348 709 iniussu

329 735 557 820 populi
591 757 724 801 non
759 735 944 800 video
980 756 1199 819 posse,
1234 734 1426 818 idque
1464 738 1531 799 et
1567 735 1738 817 apud
1774 735 2050 800 maiores
2086 737 2344 799 nostros

330 825 401 888 in
437 822 793 889 Satricanis
837 822 1082 887 factum
1129 844 1296 905 esse,
1342 839 1487 887 cum
1526 821 1936 906 defecissent,
1980 825 2057 888 ut
2090 820 2176 886 M.
2213 821 2346 884 An·

329 911 550 975 tistius
596 911 894 974 tribunus
941 909 1152 994 plebis
1192 910 1373 993 prius
1409 910 1818 994 rogationem
1853 912 2075 994 ferret,
2122 910 2347 974 scisce-

330 1000 557 1080 retque
602 998 815 1081 plebs,
860 999 956 1061 uti
1002 998 1257 1062 senatui
1310 997 1389 1061 de
1437 995 1796 1063 Satricanis
1855 999 2214 1064 sententiae
2260 998 2348 1061 di-

228 1098 291 1145 11
334 1085 573 1151 cendae
618 1086 718 1149 ius
767 1088 953 1149 esset.
1042 1085 1260 1167 itaque
1314 1105 1543 1150 censeo
1599 1106 1746 1149 cum
1799 1087 2078 1150 tribunis
2136 1086 2348 1169 plebis

333 1173 650 1259 agendum
715 1194 883 1255 esse,
944 1175 1019 1237 ut
1083 1194 1302 1238 eorum
1367 1194 1531 1237 unus
1585 1172 1886 1256 pluresve
1941 1174 2348 1256 rogationem

290 1262 546 1328 .fera.nt
600 1261 681 1326 ad
725 1261 1011 1345 plebem,
1070 1283 1197 1345 qua
1247 1261 1440 1327 nobis
1494 1260 1822 1326 statuendi
1875 1260 1952 1326 de
1999 1258 2348 1344 Campanis

232 1361 297 1410 12
334 1350 436 1415 ius
489 1348 669 1416 fiat.''
768 1348 840 1417 L.
893 1350 1136 1415 Atilius
1198 1350 1501 1415 tribunus
1564 1348 1774 1434 plebis
1830 1371 1909 1415 ex
1962 1349 2347 1415 auctoritate

334 1442 598 1504 senatus
643 1438 902 1523 plebem
945 1438 1016 1503 in
1058 1437 1218 1503 haec
1262 1439 1462 1503 verba
1505 1438 1789 1523 rogavit:
1837 1435 2116 1503 “omnes
2164 1434 2349 1501 Cam-

337 1527 517 1611 pani,
563 1526 882 1611 Atellani,
936 1524 1248 1610 Calatini,
1305 1525 1628 1611 Sabatini,
1684 1527 1797 1610 qui
1850 1548 1919 1591 se
1974 1526 2350 1591 dediderunt

337 1617 408 1680 in
467 1616 810 1680 arbitrium
875 1614 1315 1697 dicionemque
1382 1615 1605 1699 populi
1660 1614 1938 1680 Romani
1998 1615 2067 1695 Q.
2118 1614 2345 1680 Fulvio

232 1716 297 1763 13
334 1703 733 1786 proconsuli,
781 1724 1063 1786 quosque
1101 1724 1229 1766 una
1276 1723 1493 1766 secum
1532 1701 1853 1787 dedidere,
1898 1724 2187 1786 quaeque
2221 1723 2350 1766 una

336 1811 553 1855 secum
598 1788 925 1872 dedidere,
972 1811 1200 1874 agrum
1236 1789 1617 1872 urbemque,
1660 1788 1885 1854 divina
1923 1791 2349 1872 humanaque,

334 1877 763 1962 utensiliaque
818 1876 954 1941 sive
1010 1877 1164 1962 quid
1209 1876 1384 1941 aliud
1432 1876 1838 1962 dediderunt,
1894 1877 1972 1943 de
2026 1878 2108 1944 iis
2155 1877 2348 1941 rebus

232 1981 298 2029 14
334 1966 488 2052 quid
516 1966 659 2032 fieri
694 1965 934 2051 velitis,
969 1987 1086 2031 vos
1123 1986 1300 2051 rogo,
1330 1965 1633 2068 Quirites.
1635 1964 1678 1993 '⁹
1743 1967 1967 2050 plebes
2004 1967 2098 2033 sie
2131 1967 2348 2032 iussit:

337 2054 563 2141 “quod
601 2058 862 2120 senatus
898 2055 1174 2138 iuratus,
1219 2054 1506 2120 maxima
1538 2077 1719 2138 pars,
1766 2060 2051 2139 censeat,
2099 2057 2209 2140 qui
2243 2055 2352 2119 ad-

269 2161 297 2205 1
337 2146 533 2229 sient,
557 2143 627 2209 id
652 2143 953 2209 volumus
980 2144 1420 2227 iubemusque.
1422 2142 1467 2171 '²
1548 2142 1847 2208 XXXIV.
1881 2166 1958 2210 ex
1986 2144 2110 2210 hoc
2135 2118 2351 2245 ple'ffe‘i

337 2233 501 2299 ’301ῐό
574 2234 836 2295 senatus
901 2232 1231 2296 consultus
1298 2231 1548 2315 Oppiae
1611 2228 2002 2316 Cluviaeque
2065 2233 2352 2314 primum

334 2320 507 2384 bona
553 2338 628 2382 ac
670 2317 1042 2382 libertatem
1085 2319 1406 2382 restituit:
1462 2318 1519 2381 si
1566 2338 1692 2400 qua
1737 2319 1869 2382 alia
1911 2319 2199 2401 praemia
2245 2341 2351 2402 pe-

263 2418 297 2468 2
334 2410 471 2471 tere
517 2403 599 2469 ab
648 2406 878 2469 senatu
924 2404 1190 2488 vellent,
1224 2405 1447 2468 venire
1484 2425 1590 2468 eas
1628 2403 1920 2470 Romam.
2001 2402 2349 2489 Campanis

334 2495 404 2560 in
454 2491 742 2558 familias
797 2492 1090 2577 singulas
1143 2454 1405 2557 decreta
1455 2491 1656 2575 facta,
1711 2515 1876 2578 quae
1928 2515 2060 2559 non
2114 2515 2350 2577 operae

265 2596 297 2643 3
334 2582 617 2667 pretium
674 2584 774 2646 est
827 2583 1044 2646 omnia
1098 2601 1485 2646 enumerare.
1586 2581 1862 2647 aliorum
1916 2582 2089 2649 bona
2139 2582 2352 2667 publi-

338 2671 573 2755 canda,
612 2669 793 2755 ipsos
840 2668 1207 2755 liberosque
1253 2690 1478 2736 eorum
1524 2674 1591 2734 et
1635 2671 1939 2756 coniuges
1986 2670 2349 2736 vendendas

340 2764 523 2826 extra
570 2759 771 2841 filias,
835 2780 997 2842 quae
1060 2759 1494 2842 enupsissent,
1556 2758 1933 2844 priusquam
1993 2759 2062 2823 in
2122 2760 2348 2842 populi

264 2860 301 2907 4
336 2847 617 2914 Romani
659 2850 1053 2931 potestatem
1097 2846 1417 2930 venirent3
1462 2846 1627 2911 alios
1672 2847 1741 2911 in
1776 2847 2033 2912 vincula
2078 2848 2351 2912 conden-

337 2934 482 3018 dos,
539 2956 612 3000 ac
667 2934 745 2999 de
798 2935 880 2999 iis
924 2935 1250 3018 posterius
1298 2934 1789 3018 consulendum3
1844 2936 2117 3001 aliorum
2164 2933 2350 3001 Cam-

335 3042 649 3106 panorum
713 3043 1033 3087 summam
1092 3023 1287 3087 etiam
1343 3044 1570 3089 census
1627 3022 2083 3107 distinxerunt,
2136 3024 2353 3109 publi-

267 3123 300 3171 5
338 3109 541 3175 canda
584 3129 785 3175 necne
820 3111 992 3174 bona
1029 3112 1258 3174 essent.
1327 3132 1533 3194 pecua
1568 3110 1826 3195 captiva
1860 3113 2119 3196 praeter
2153 3135 2351 3198 equos

339 3202 406 3263 et
431 3197 755 3283 mancipia
778 3201 1035 3282 praeter
1060 3198 1337 3282 puberes
1364 3199 1551 3264 virile
1584 3220 1765 3265 secus
1805 3204 1871 3265 et
1907 3201 2154 3283 omnia,
2190 3222 2352 3285 quae

339 3287 482 3353 solo
509 3309 640 3354 non
668 3287 1175 3368 continerentur,
1210 3286 1610 3352 restituenda
1646 3294 2033 3354 censuerunt
2059 3289 2351 3355 dominis.

267 3386 298 3432 6
339 3374 704 3460 Campanos
732 3375 961 3460 omniS,
979 3374 1343 3460 Atellanos,
1370 3373 1722 3460 CalatinOS,
1751 3374 2115 3461 Sabatinos,
2141 3379 2350 3441 extra-

338 3481 533 3542 quam
590 3464 700 3546 qui
757 3484 980 3528 eorum
1035 3468 1147 3528 aut
1200 3463 1329 3547 ipsi
1386 3467 1499 3528 aut
1552 3468 1852 3548 parentes
1910 3486 2129 3529 eorum
2180 3463 2351 3546 apud
