<?xml version="1.0" encoding="UTF-8"?>
<!DOCTYPE html PUBLIC "-//W3C//DTD XHTML 1.0 Transitional//EN"
    "http://www.w3.org/TR/xhtml1/DTD/xhtml1-transitional.dtd">
<html xmlns="http://www.w3.org/1999/xhtml" xml:lang="en" lang="en">
 <head>
  <title>
</title>
<meta http-equiv="Content-Type" content="text/html;charset=utf-8" />
  <meta name='ocr-system' content='tesseract 3.04.00' />
  <meta name='ocr-capabilities' content='ocr_page ocr_carea ocr_par ocr_line ocrx_word'/>
</head>
<body>
  <div class='ocr_page' id='page_1' title='image "./aburbeconditali16livygoog_0021.png"; bbox 0 0 2654 3913; ppageno 0'>
   <div class='ocr_carea' id='block_1_1' title="bbox 592 217 2280 289">
    <p class='ocr_par' dir='ltr' id='par_1_1' title="bbox 592 217 2280 289">
     <span class='ocr_line' id='line_1_1' title="bbox 592 217 2280 289; baseline 0.004 -15"><span class='ocrx_word' id='word_1_1' title='bbox 592 219 809 274; x_wconf 82' lang='lat' dir='ltr'>LIBER</span> <span class='ocrx_word' id='word_1_2' title='bbox 845 218 1040 274; x_wconf 80' lang='lat' dir='ltr'><strong>XXIV.</strong></span> <span class='ocrx_word' id='word_1_3' title='bbox 1117 217 1269 274; x_wconf 84' lang='lat' dir='ltr'><strong>CAP.</strong></span> <span class='ocrx_word' id='word_1_4' title='bbox 1314 224 1396 272; x_wconf 91' lang='lat'>10.</span> <span class='ocrx_word' id='word_1_5' title='bbox 1439 225 1521 273; x_wconf 85' lang='lat'>11.</span> <span class='ocrx_word' id='word_1_6' title='bbox 1599 219 1674 289; x_wconf 82' lang='lat' dir='ltr'>[a.</span> <span class='ocrx_word' id='word_1_7' title='bbox 1713 218 1769 272; x_wconf 82' lang='lat' dir='ltr'>c,</span> <span class='ocrx_word' id='word_1_8' title='bbox 1810 219 1938 289; x_wconf 82' lang='lat'>214]</span> <span class='ocrx_word' id='word_1_9' title='bbox 2197 219 2280 284; x_wconf 84' lang='lat'>13</span> 
     </span>
    </p>
   </div>
   <div class='ocr_carea' id='block_1_2' title="bbox 262 362 2386 1416">
    <p class='ocr_par' dir='ltr' id='par_1_2' title="bbox 262 362 2386 960">
     <span class='ocr_line' id='line_1_2' title="bbox 263 362 2279 450; baseline -0.002 -19"><span class='ocrx_word' id='word_1_10' title='bbox 263 366 522 450; x_wconf 92' lang='lat' dir='ltr'>quidam</span> <span class='ocrx_word' id='word_1_11' title='bbox 577 364 868 449; x_wconf 80' lang='lat' dir='ltr'>legiones</span> <span class='ocrx_word' id='word_1_12' title='bbox 924 384 993 428; x_wconf 92' lang='lat' dir='ltr'>se</span> <span class='ocrx_word' id='word_1_13' title='bbox 1049 366 1332 427; x_wconf 88' lang='lat' dir='ltr'>armatas</span> <span class='ocrx_word' id='word_1_14' title='bbox 1398 363 1467 427; x_wconf 90' lang='lat' dir='ltr'>in</span> <span class='ocrx_word' id='word_1_15' title='bbox 1520 362 1811 428; x_wconf 87' lang='lat' dir='ltr'>Ianiculo</span> <span class='ocrx_word' id='word_1_16' title='bbox 1866 362 2079 428; x_wconf 82' lang='lat' dir='ltr'>videre</span> <span class='ocrx_word' id='word_1_17' title='bbox 2134 384 2279 429; x_wconf 89' lang='lat' dir='ltr'>con-</span> 
     </span>
     <span class='ocr_line' id='line_1_3' title="bbox 264 450 2383 535; baseline -0.004 -15"><span class='ocrx_word' id='word_1_18' title='bbox 264 456 624 521; x_wconf 86' lang='lat' dir='ltr'>citaverunt</span> <span class='ocrx_word' id='word_1_19' title='bbox 681 453 1011 518; x_wconf 81' lang='lat' dir='ltr'>civitatem</span> <span class='ocrx_word' id='word_1_20' title='bbox 1075 451 1155 515; x_wconf 87' lang='lat' dir='ltr'>ad</span> <span class='ocrx_word' id='word_1_21' title='bbox 1217 472 1424 532; x_wconf 90' lang='lat' dir='ltr'>arma,</span> <span class='ocrx_word' id='word_1_22' title='bbox 1487 471 1634 514; x_wconf 92' lang='lat' dir='ltr'>cum</span> <span class='ocrx_word' id='word_1_23' title='bbox 1692 450 1803 535; x_wconf 91' lang='lat' dir='ltr'>qui</span> <span class='ocrx_word' id='word_1_24' title='bbox 1863 450 1934 514; x_wconf 89' lang='lat' dir='ltr'>in</span> <span class='ocrx_word' id='word_1_25' title='bbox 1989 450 2275 517; x_wconf 89' lang='lat' dir='ltr'>Ianiculo</span> <span class='ocrx_word' id='word_1_26' title='bbox 2318 463 2383 512; x_wconf 78' lang='lat'>12</span> 
     </span>
     <span class='ocr_line' id='line_1_4' title="bbox 263 539 2278 626; baseline -0.002 -19"><span class='ocrx_word' id='word_1_27' title='bbox 263 545 502 626; x_wconf 90' lang='lat' dir='ltr'>essent,</span> <span class='ocrx_word' id='word_1_28' title='bbox 536 544 857 626; x_wconf 75' lang='lat' dir='ltr'>negarent</span> <span class='ocrx_word' id='word_1_29' title='bbox 893 560 1281 624; x_wconf 89' lang='lat' dir='ltr'>quemquam</span> <span class='ocrx_word' id='word_1_30' title='bbox 1316 539 1411 602; x_wconf 92' lang='lat' dir='ltr'>ibi</span> <span class='ocrx_word' id='word_1_31' title='bbox 1447 541 1704 622; x_wconf 88' lang='lat' dir='ltr'>praeter</span> <span class='ocrx_word' id='word_1_32' title='bbox 1752 539 2057 603; x_wconf 90' lang='lat' dir='ltr'>adsuetos</span> <span class='ocrx_word' id='word_1_33' title='bbox 2097 540 2278 604; x_wconf 89' lang='lat' dir='ltr'>collis</span> 
     </span>
     <span class='ocr_line' id='line_1_5' title="bbox 263 625 2386 712; baseline -0.005 -17"><span class='ocrx_word' id='word_1_34' title='bbox 263 632 397 697; x_wconf 90' lang='lat' dir='ltr'>eius</span> <span class='ocrx_word' id='word_1_35' title='bbox 436 631 716 696; x_wconf 91' lang='lat' dir='ltr'>cultores</span> <span class='ocrx_word' id='word_1_36' title='bbox 754 627 1148 712; x_wconf 80' lang='lat' dir='ltr'>adparuisse.</span> <span class='ocrx_word' id='word_1_37' title='bbox 1225 627 1384 691; x_wconf 79' lang='lat' dir='ltr'>ha‘ec</span> <span class='ocrx_word' id='word_1_38' title='bbox 1419 626 1716 710; x_wconf 89' lang='lat' dir='ltr'>prodigia</span> <span class='ocrx_word' id='word_1_39' title='bbox 1752 625 1987 691; x_wconf 90' lang='lat' dir='ltr'>hostiis</span> <span class='ocrx_word' id='word_1_40' title='bbox 2024 627 2278 691; x_wconf 89' lang='lat' dir='ltr'>maiori-</span> <span class='ocrx_word' id='word_1_41' title='bbox 2320 638 2386 686; x_wconf 82' lang='lat'>13</span> 
     </span>
     <span class='ocr_line' id='line_1_6' title="bbox 262 713 2282 804; baseline -0.002 -21"><span class='ocrx_word' id='word_1_42' title='bbox 262 719 381 783; x_wconf 92' lang='lat' dir='ltr'>bus</span> <span class='ocrx_word' id='word_1_43' title='bbox 422 721 767 804; x_wconf 87' lang='lat' dir='ltr'>procurata</span> <span class='ocrx_word' id='word_1_44' title='bbox 805 719 958 781; x_wconf 91' lang='lat' dir='ltr'>sunt</span> <span class='ocrx_word' id='word_1_45' title='bbox 994 737 1073 780; x_wconf 84' lang='lat' dir='ltr'>ex</span> <span class='ocrx_word' id='word_1_46' title='bbox 1107 714 1525 798; x_wconf 83' lang='lat' dir='ltr'>haruspicum</span> <span class='ocrx_word' id='word_1_47' title='bbox 1559 735 1901 798; x_wconf 85' lang='lat' dir='ltr'>response,</span> <span class='ocrx_word' id='word_1_48' title='bbox 1937 718 2004 779; x_wconf 86' lang='lat' dir='ltr'>et</span> <span class='ocrx_word' id='word_1_49' title='bbox 2042 713 2282 799; x_wconf 88' lang='lat' dir='ltr'>suppli·</span> 
     </span>
     <span class='ocr_line' id='line_1_7' title="bbox 265 800 2284 888; baseline -0.002 -16"><span class='ocrx_word' id='word_1_50' title='bbox 265 807 432 872; x_wconf 89' lang='lat' dir='ltr'>catio</span> <span class='ocrx_word' id='word_1_51' title='bbox 480 805 779 871; x_wconf 91' lang='lat' dir='ltr'>omnibus</span> <span class='ocrx_word' id='word_1_52' title='bbox 824 804 993 888; x_wconf 91' lang='lat' dir='ltr'>deis,</span> <span class='ocrx_word' id='word_1_53' title='bbox 1038 824 1309 887; x_wconf 91' lang='lat' dir='ltr'>quorum</span> <span class='ocrx_word' id='word_1_54' title='bbox 1357 802 1722 886; x_wconf 87' lang='lat' dir='ltr'>pulvinaria</span> <span class='ocrx_word' id='word_1_55' title='bbox 1757 800 2002 866; x_wconf 86' lang='lat' dir='ltr'>Romae</span> <span class='ocrx_word' id='word_1_56' title='bbox 2050 806 2284 887; x_wconf 91' lang='lat' dir='ltr'>essent,</span> 
     </span>
     <span class='ocr_line' id='line_1_8' title="bbox 264 895 668 960; baseline -0.002 0"><span class='ocrx_word' id='word_1_57' title='bbox 264 895 507 960; x_wconf 90' lang='lat' dir='ltr'>indicta</span> <span class='ocrx_word' id='word_1_58' title='bbox 551 896 668 959; x_wconf 90' lang='lat' dir='ltr'>est.</span> 
     </span>
    </p>

    <p class='ocr_par' dir='ltr' id='par_1_3' title="bbox 265 978 2353 1416">
     <span class='ocr_line' id='line_1_9' title="bbox 440 978 2352 1064; baseline -0.004 -18"><span class='ocrx_word' id='word_1_59' title='bbox 440 980 556 1046; x_wconf 90' lang='lat' dir='ltr'>XI.</span> <span class='ocrx_word' id='word_1_60' title='bbox 597 979 994 1064; x_wconf 85' lang='lat' dir='ltr'>Perpetratis</span> <span class='ocrx_word' id='word_1_61' title='bbox 1034 1001 1198 1063; x_wconf 89' lang='lat' dir='ltr'>quae</span> <span class='ocrx_word' id='word_1_62' title='bbox 1245 978 1326 1043; x_wconf 93' lang='lat' dir='ltr'>ad</span> <span class='ocrx_word' id='word_1_63' title='bbox 1363 1000 1586 1061; x_wconf 83' lang='lat' dir='ltr'>pacem</span> <span class='ocrx_word' id='word_1_64' title='bbox 1627 979 1815 1044; x_wconf 91' lang='lat' dir='ltr'>deum</span> <span class='ocrx_word' id='word_1_65' title='bbox 1851 978 2283 1062; x_wconf 75' lang='lat' dir='ltr'>pertinebant,</span> <span class='ocrx_word' id='word_1_66' title='bbox 2323 989 2352 1038; x_wconf 90' lang='lat'>1</span> 
     </span>
     <span class='ocr_line' id='line_1_10' title="bbox 267 1066 2285 1152; baseline -0.002 -17"><span class='ocrx_word' id='word_1_67' title='bbox 267 1072 344 1135; x_wconf 90' lang='lat' dir='ltr'>de</span> <span class='ocrx_word' id='word_1_68' title='bbox 389 1091 459 1135; x_wconf 92' lang='lat' dir='ltr'>re</span> <span class='ocrx_word' id='word_1_69' title='bbox 502 1069 759 1152; x_wconf 87' lang='lat' dir='ltr'>publica</span> <span class='ocrx_word' id='word_1_70' title='bbox 803 1069 1104 1151; x_wconf 91' lang='lat' dir='ltr'>belloque</span> <span class='ocrx_word' id='word_1_71' title='bbox 1149 1066 1430 1151; x_wconf 89' lang='lat' dir='ltr'>gerendo</span> <span class='ocrx_word' id='word_1_72' title='bbox 1486 1071 1553 1132; x_wconf 90' lang='lat' dir='ltr'>et</span> <span class='ocrx_word' id='word_1_73' title='bbox 1599 1070 1909 1151; x_wconf 88' lang='lat' dir='ltr'>quantum</span> <span class='ocrx_word' id='word_1_74' title='bbox 1955 1067 2285 1150; x_wconf 89' lang='lat' dir='ltr'>copiarum</span> 
     </span>
     <span class='ocr_line' id='line_1_11' title="bbox 267 1154 2282 1242; baseline -0.002 -19"><span class='ocrx_word' id='word_1_75' title='bbox 267 1162 334 1223; x_wconf 98' lang='lat' dir='ltr'>et</span> <span class='ocrx_word' id='word_1_76' title='bbox 368 1158 482 1222; x_wconf 91' lang='lat' dir='ltr'>ubi</span> <span class='ocrx_word' id='word_1_77' title='bbox 518 1178 805 1242; x_wconf 89' lang='lat' dir='ltr'>quaeque</span> <span class='ocrx_word' id='word_1_78' title='bbox 838 1159 1070 1239; x_wconf 89' lang='lat' dir='ltr'>essent,</span> <span class='ocrx_word' id='word_1_79' title='bbox 1098 1154 1393 1220; x_wconf 90' lang='lat' dir='ltr'>consules</span> <span class='ocrx_word' id='word_1_80' title='bbox 1433 1155 1513 1219; x_wconf 94' lang='lat' dir='ltr'>ad</span> <span class='ocrx_word' id='word_1_81' title='bbox 1550 1159 1845 1220; x_wconf 90' lang='lat' dir='ltr'>senatum</span> <span class='ocrx_word' id='word_1_82' title='bbox 1872 1155 2282 1220; x_wconf 86' lang='lat' dir='ltr'>rettulerunt.</span> 
     </span>
     <span class='ocr_line' id='line_1_12' title="bbox 265 1243 2353 1329; baseline -0.004 -19"><span class='ocrx_word' id='word_1_83' title='bbox 265 1246 716 1329; x_wconf 84' lang='lat' dir='ltr'>duodeviginti</span> <span class='ocrx_word' id='word_1_84' title='bbox 740 1244 1108 1329; x_wconf 87' lang='lat' dir='ltr'>legionibus</span> <span class='ocrx_word' id='word_1_85' title='bbox 1145 1243 1389 1307; x_wconf 90' lang='lat' dir='ltr'>bellum</span> <span class='ocrx_word' id='word_1_86' title='bbox 1425 1244 1565 1327; x_wconf 89' lang='lat' dir='ltr'>geri</span> <span class='ocrx_word' id='word_1_87' title='bbox 1595 1244 1868 1326; x_wconf 80' lang='lat' dir='ltr'>placuit:</span> <span class='ocrx_word' id='word_1_88' title='bbox 1906 1243 2093 1307; x_wconf 90' lang='lat' dir='ltr'>binas</span> <span class='ocrx_word' id='word_1_89' title='bbox 2133 1264 2281 1309; x_wconf 91' lang='lat' dir='ltr'>con-</span> <span class='ocrx_word' id='word_1_90' title='bbox 2320 1255 2353 1302; x_wconf 75' lang='lat'><strong>2</strong></span> 
     </span>
     <span class='ocr_line' id='line_1_13' title="bbox 267 1328 2285 1416; baseline -0.002 -17"><span class='ocrx_word' id='word_1_91' title='bbox 267 1335 437 1399; x_wconf 92' lang='lat' dir='ltr'>sules</span> <span class='ocrx_word' id='word_1_92' title='bbox 485 1334 612 1399; x_wconf 88' lang='lat' dir='ltr'>sibi</span> <span class='ocrx_word' id='word_1_93' title='bbox 671 1355 945 1415; x_wconf 87' lang='lat' dir='ltr'>sumere,</span> <span class='ocrx_word' id='word_1_94' title='bbox 998 1331 1172 1396; x_wconf 91' lang='lat' dir='ltr'>binis</span> <span class='ocrx_word' id='word_1_95' title='bbox 1219 1330 1499 1397; x_wconf 82' lang='lat' dir='ltr'>Galliam</span> <span class='ocrx_word' id='word_1_96' title='bbox 1547 1328 1955 1416; x_wconf 85' lang='lat' dir='ltr'>Siciliamque</span> <span class='ocrx_word' id='word_1_97' title='bbox 2015 1353 2091 1397; x_wconf 86' lang='lat' dir='ltr'>ac</span> <span class='ocrx_word' id='word_1_98' title='bbox 2136 1328 2285 1396; x_wconf 88' lang='lat' dir='ltr'>Sar-</span> 
     </span>
    </p>
   </div>
   <div class='ocr_carea' id='block_1_3' title="bbox 269 1417 2486 1505">
    <p class='ocr_par' dir='ltr' id='par_1_4' title="bbox 269 1417 2486 1505">
     <span class='ocr_line' id='line_1_14' title="bbox 269 1417 2486 1505; baseline -0.005 -18"><span class='ocrx_word' id='word_1_99' title='bbox 269 1422 510 1487; x_wconf 88' lang='lat' dir='ltr'>diniam</span> <span class='ocrx_word' id='word_1_100' title='bbox 546 1422 850 1505; x_wconf 82' lang='lat' dir='ltr'>obtineri3</span> <span class='ocrx_word' id='word_1_101' title='bbox 891 1420 1139 1485; x_wconf 90' lang='lat' dir='ltr'>duabus</span> <span class='ocrx_word' id='word_1_102' title='bbox 1177 1419 1250 1496; x_wconf 84' lang='lat' dir='ltr'>Q.</span> <span class='ocrx_word' id='word_1_103' title='bbox 1277 1417 1554 1484; x_wconf 86' lang='lat' dir='ltr'>Fabium</span> <span class='ocrx_word' id='word_1_104' title='bbox 1588 1424 1952 1503; x_wconf 86' lang='lat' dir='ltr'>praetorem</span> <span class='ocrx_word' id='word_1_105' title='bbox 1987 1418 2281 1503; x_wconf 88' lang='lat' dir='ltr'>Apuliae,</span> <span class='ocrx_word' id='word_1_106' title='bbox 2321 1430 2355 1478; x_wconf 86' lang='lat'><strong>3</strong></span> <span class='ocrx_word' id='word_1_107' title='bbox 2479 1482 2486 1489; x_wconf 56' lang='lat'>,</span> 
     </span>
    </p>
   </div>
   <div class='ocr_carea' id='block_1_4' title="bbox 269 1506 2361 3612">
    <p class='ocr_par' dir='ltr' id='par_1_5' title="bbox 269 1506 2357 2542">
     <span class='ocr_line' id='line_1_15' title="bbox 270 1506 2285 1590; baseline -0 -17"><span class='ocrx_word' id='word_1_108' title='bbox 270 1509 516 1573; x_wconf 91' lang='lat' dir='ltr'>duabus</span> <span class='ocrx_word' id='word_1_109' title='bbox 571 1509 876 1573; x_wconf 81' lang='lat' dir='ltr'>volonum</span> <span class='ocrx_word' id='word_1_110' title='bbox 929 1509 1029 1573; x_wconf 84' lang='lat' dir='ltr'>Ti.</span> <span class='ocrx_word' id='word_1_111' title='bbox 1075 1506 1435 1573; x_wconf 86' lang='lat' dir='ltr'>Gracchum</span> <span class='ocrx_word' id='word_1_112' title='bbox 1493 1509 1663 1573; x_wconf 89' lang='lat' dir='ltr'>circa</span> <span class='ocrx_word' id='word_1_113' title='bbox 1716 1507 2051 1572; x_wconf 87' lang='lat' dir='ltr'>Luceriam</span> <span class='ocrx_word' id='word_1_114' title='bbox 2104 1529 2285 1590; x_wconf 89' lang='lat' dir='ltr'>prae-</span> 
     </span>
     <span class='ocr_line' id='line_1_16' title="bbox 271 1594 2287 1680; baseline 0 -19"><span class='ocrx_word' id='word_1_115' title='bbox 271 1617 440 1679; x_wconf 81' lang='lat' dir='ltr'>esse3</span> <span class='ocrx_word' id='word_1_116' title='bbox 494 1596 784 1680; x_wconf 90' lang='lat' dir='ltr'>singulas</span> <span class='ocrx_word' id='word_1_117' title='bbox 841 1594 910 1661; x_wconf 83' lang='lat' dir='ltr'>O.</span> <span class='ocrx_word' id='word_1_118' title='bbox 954 1596 1252 1662; x_wconf 82' lang='lat' dir='ltr'>Terentio</span> <span class='ocrx_word' id='word_1_119' title='bbox 1307 1595 1680 1679; x_wconf 86' lang='lat' dir='ltr'>proconsuli</span> <span class='ocrx_word' id='word_1_120' title='bbox 1735 1595 1816 1660; x_wconf 89' lang='lat' dir='ltr'>ad</span> <span class='ocrx_word' id='word_1_121' title='bbox 1859 1594 2164 1660; x_wconf 87' lang='lat' dir='ltr'>Picenum</span> <span class='ocrx_word' id='word_1_122' title='bbox 2219 1598 2287 1661; x_wconf 91' lang='lat' dir='ltr'>et</span> 
     </span>
     <span class='ocr_line' id='line_1_17' title="bbox 269 1683 2285 1769; baseline -0 -20"><span class='ocrx_word' id='word_1_123' title='bbox 269 1684 354 1750; x_wconf 89' lang='lat' dir='ltr'>M.</span> <span class='ocrx_word' id='word_1_124' title='bbox 383 1683 643 1749; x_wconf 88' lang='lat' dir='ltr'>Valerio</span> <span class='ocrx_word' id='word_1_125' title='bbox 692 1684 773 1749; x_wconf 90' lang='lat' dir='ltr'>ad</span> <span class='ocrx_word' id='word_1_126' title='bbox 819 1684 1091 1750; x_wconf 90' lang='lat' dir='ltr'>classem</span> <span class='ocrx_word' id='word_1_127' title='bbox 1127 1685 1297 1749; x_wconf 90' lang='lat' dir='ltr'>circa</span> <span class='ocrx_word' id='word_1_128' title='bbox 1332 1683 1751 1748; x_wconf 87' lang='lat' dir='ltr'>Brundisium</span> <span class='ocrx_word' id='word_1_129' title='bbox 1786 1683 2090 1769; x_wconf 82' lang='lat' dir='ltr'>relinqui3</span> <span class='ocrx_word' id='word_1_130' title='bbox 2126 1683 2285 1748; x_wconf 88' lang='lat' dir='ltr'>duas</span> 
     </span>
     <span class='ocr_line' id='line_1_18' title="bbox 269 1771 2357 1857; baseline -0.003 -19"><span class='ocrx_word' id='word_1_131' title='bbox 269 1772 414 1838; x_wconf 91' lang='lat' dir='ltr'>urbi</span> <span class='ocrx_word' id='word_1_132' title='bbox 457 1771 782 1857; x_wconf 88' lang='lat' dir='ltr'>praesidio</span> <span class='ocrx_word' id='word_1_133' title='bbox 820 1794 977 1839; x_wconf 91' lang='lat' dir='ltr'>esse.</span> <span class='ocrx_word' id='word_1_134' title='bbox 1049 1772 1156 1837; x_wconf 88' lang='lat' dir='ltr'>hic</span> <span class='ocrx_word' id='word_1_135' title='bbox 1191 1776 1266 1836; x_wconf 90' lang='lat' dir='ltr'>ut</span> <span class='ocrx_word' id='word_1_136' title='bbox 1300 1793 1603 1837; x_wconf 91' lang='lat' dir='ltr'>numerus</span> <span class='ocrx_word' id='word_1_137' title='bbox 1639 1772 1970 1855; x_wconf 88' lang='lat' dir='ltr'>legionum</span> <span class='ocrx_word' id='word_1_138' title='bbox 2008 1773 2284 1856; x_wconf 86' lang='lat' dir='ltr'>explere·</span> <span class='ocrx_word' id='word_1_139' title='bbox 2320 1783 2357 1831; x_wconf 76' lang='lat'>4</span> 
     </span>
     <span class='ocr_line' id='line_1_19' title="bbox 269 1861 2355 1945; baseline -0.002 -20"><span class='ocrx_word' id='word_1_140' title='bbox 269 1865 399 1944; x_wconf 87' lang='lat' dir='ltr'>tur,</span> <span class='ocrx_word' id='word_1_141' title='bbox 447 1881 559 1925; x_wconf 85' lang='lat' dir='ltr'>sex</span> <span class='ocrx_word' id='word_1_142' title='bbox 603 1881 809 1925; x_wconf 83' lang='lat' dir='ltr'>novae</span> <span class='ocrx_word' id='word_1_143' title='bbox 852 1861 1142 1945; x_wconf 85' lang='lat' dir='ltr'>legiones</span> <span class='ocrx_word' id='word_1_144' title='bbox 1199 1866 1385 1925; x_wconf 90' lang='lat' dir='ltr'>erant</span> <span class='ocrx_word' id='word_1_145' title='bbox 1441 1861 1829 1925; x_wconf 87' lang='lat' dir='ltr'>scribendae.</span> <span class='ocrx_word' id='word_1_146' title='bbox 1922 1882 2029 1925; x_wconf 89' lang='lat' dir='ltr'>eas</span> <span class='ocrx_word' id='word_1_147' title='bbox 2075 1861 2283 1944; x_wconf 88' lang='lat' dir='ltr'>primo</span> <span class='ocrx_word' id='word_1_148' title='bbox 2322 1870 2355 1920; x_wconf 81' lang='lat'>5</span> 
     </span>
     <span class='ocr_line' id='line_1_20' title="bbox 270 1947 2284 2033; baseline 0 -20"><span class='ocrx_word' id='word_1_149' title='bbox 270 1971 521 2033; x_wconf 92' lang='lat' dir='ltr'>quoque</span> <span class='ocrx_word' id='word_1_150' title='bbox 584 1951 874 2033; x_wconf 88' lang='lat' dir='ltr'>tempore</span> <span class='ocrx_word' id='word_1_151' title='bbox 938 1947 1236 2014; x_wconf 91' lang='lat' dir='ltr'>consules</span> <span class='ocrx_word' id='word_1_152' title='bbox 1305 1948 1584 2014; x_wconf 90' lang='lat' dir='ltr'>scribere</span> <span class='ocrx_word' id='word_1_153' title='bbox 1657 1949 1819 2013; x_wconf 91' lang='lat' dir='ltr'>iussi</span> <span class='ocrx_word' id='word_1_154' title='bbox 1881 1951 1948 2013; x_wconf 90' lang='lat' dir='ltr'>et</span> <span class='ocrx_word' id='word_1_155' title='bbox 2010 1950 2284 2015; x_wconf 89' lang='lat' dir='ltr'>classem</span> 
     </span>
     <span class='ocr_line' id='line_1_21' title="bbox 269 2034 2284 2121; baseline 0 -20"><span class='ocrx_word' id='word_1_156' title='bbox 269 2058 528 2121; x_wconf 90' lang='lat' dir='ltr'>parare,</span> <span class='ocrx_word' id='word_1_157' title='bbox 553 2040 628 2101; x_wconf 91' lang='lat' dir='ltr'>ut</span> <span class='ocrx_word' id='word_1_158' title='bbox 655 2058 800 2101; x_wconf 92' lang='lat' dir='ltr'>cum</span> <span class='ocrx_word' id='word_1_159' title='bbox 827 2037 919 2101; x_wconf 92' lang='lat' dir='ltr'>eis</span> <span class='ocrx_word' id='word_1_160' title='bbox 948 2038 1250 2120; x_wconf 77' lang='lat' dir='ltr'>navibuS,</span> <span class='ocrx_word' id='word_1_161' title='bbox 1278 2059 1441 2121; x_wconf 90' lang='lat' dir='ltr'>quae</span> <span class='ocrx_word' id='word_1_162' title='bbox 1468 2059 1586 2120; x_wconf 92' lang='lat' dir='ltr'>pro</span> <span class='ocrx_word' id='word_1_163' title='bbox 1617 2034 1953 2102; x_wconf 85' lang='lat' dir='ltr'>Calabriae</span> <span class='ocrx_word' id='word_1_164' title='bbox 1981 2037 2284 2102; x_wconf 89' lang='lat' dir='ltr'>litoribus</span> 
     </span>
     <span class='ocr_line' id='line_1_22' title="bbox 271 2124 2282 2210; baseline -0 -21"><span class='ocrx_word' id='word_1_165' title='bbox 271 2126 343 2189; x_wconf 91' lang='lat' dir='ltr'>in</span> <span class='ocrx_word' id='word_1_166' title='bbox 368 2124 646 2189; x_wconf 86' lang='lat' dir='ltr'>statione</span> <span class='ocrx_word' id='word_1_167' title='bbox 675 2128 908 2207; x_wconf 89' lang='lat' dir='ltr'>essent,</span> <span class='ocrx_word' id='word_1_168' title='bbox 928 2127 1184 2189; x_wconf 90' lang='lat' dir='ltr'>centum</span> <span class='ocrx_word' id='word_1_169' title='bbox 1204 2125 1677 2210; x_wconf 87' lang='lat' dir='ltr'>quinquaginta</span> <span class='ocrx_word' id='word_1_170' title='bbox 1695 2125 2038 2207; x_wconf 90' lang='lat' dir='ltr'>longarum</span> <span class='ocrx_word' id='word_1_171' title='bbox 2058 2125 2282 2188; x_wconf 90' lang='lat' dir='ltr'>classis</span> 
     </span>
     <span class='ocr_line' id='line_1_23' title="bbox 272 2211 2354 2296; baseline -0.002 -19"><span class='ocrx_word' id='word_1_172' title='bbox 272 2212 534 2278; x_wconf 86' lang='lat' dir='ltr'>navium</span> <span class='ocrx_word' id='word_1_173' title='bbox 579 2233 655 2277; x_wconf 94' lang='lat' dir='ltr'>eo</span> <span class='ocrx_word' id='word_1_174' title='bbox 704 2234 868 2276; x_wconf 90' lang='lat' dir='ltr'>anno</span> <span class='ocrx_word' id='word_1_175' title='bbox 908 2212 1290 2296; x_wconf 85' lang='lat' dir='ltr'>expleretur.</span> <span class='ocrx_word' id='word_1_176' title='bbox 1368 2213 1608 2279; x_wconf 90' lang='lat' dir='ltr'>dilectu</span> <span class='ocrx_word' id='word_1_177' title='bbox 1642 2211 1869 2276; x_wconf 88' lang='lat' dir='ltr'>habito</span> <span class='ocrx_word' id='word_1_178' title='bbox 1918 2214 1983 2277; x_wconf 92' lang='lat' dir='ltr'>et</span> <span class='ocrx_word' id='word_1_179' title='bbox 2027 2216 2284 2277; x_wconf 90' lang='lat' dir='ltr'>centum</span> <span class='ocrx_word' id='word_1_180' title='bbox 2321 2226 2354 2273; x_wconf 80' lang='lat'><strong>6</strong></span> 
     </span>
     <span class='ocr_line' id='line_1_24' title="bbox 270 2299 2287 2376; baseline -0 -11"><span class='ocrx_word' id='word_1_181' title='bbox 270 2301 545 2366; x_wconf 86' lang='lat' dir='ltr'>navibus</span> <span class='ocrx_word' id='word_1_182' title='bbox 599 2301 786 2366; x_wconf 86' lang='lat' dir='ltr'>novis</span> <span class='ocrx_word' id='word_1_183' title='bbox 842 2300 1129 2365; x_wconf 89' lang='lat' dir='ltr'>deductis</span> <span class='ocrx_word' id='word_1_184' title='bbox 1186 2299 1259 2376; x_wconf 84' lang='lat' dir='ltr'>Q.</span> <span class='ocrx_word' id='word_1_185' title='bbox 1304 2299 1544 2365; x_wconf 88' lang='lat' dir='ltr'>Fabius</span> <span class='ocrx_word' id='word_1_186' title='bbox 1601 2300 1863 2365; x_wconf 88' lang='lat' dir='ltr'>comitia</span> <span class='ocrx_word' id='word_1_187' title='bbox 1916 2299 2287 2366; x_wconf 89' lang='lat' dir='ltr'>censoribus</span> 
     </span>
     <span class='ocr_line' id='line_1_25' title="bbox 272 2387 2288 2473; baseline -0 -19"><span class='ocrx_word' id='word_1_188' title='bbox 272 2388 566 2455; x_wconf 88' lang='lat' dir='ltr'>creandis</span> <span class='ocrx_word' id='word_1_189' title='bbox 600 2388 853 2473; x_wconf 83' lang='lat' dir='ltr'>habuit3</span> <span class='ocrx_word' id='word_1_190' title='bbox 890 2389 1088 2453; x_wconf 88' lang='lat' dir='ltr'>creati</span> <span class='ocrx_word' id='word_1_191' title='bbox 1123 2387 1212 2454; x_wconf 90' lang='lat' dir='ltr'>M.</span> <span class='ocrx_word' id='word_1_192' title='bbox 1249 2387 1486 2453; x_wconf 87' lang='lat' dir='ltr'>Atilius</span> <span class='ocrx_word' id='word_1_193' title='bbox 1523 2388 1811 2473; x_wconf 85' lang='lat' dir='ltr'>Regulus</span> <span class='ocrx_word' id='word_1_194' title='bbox 1851 2392 1917 2452; x_wconf 93' lang='lat' dir='ltr'>et</span> <span class='ocrx_word' id='word_1_195' title='bbox 1951 2388 2021 2454; x_wconf 93' lang='lat' dir='ltr'>P.</span> <span class='ocrx_word' id='word_1_196' title='bbox 2054 2387 2288 2453; x_wconf 86' lang='lat' dir='ltr'>Furius</span> 
     </span>
     <span class='ocr_line' id='line_1_26' title="bbox 271 2478 520 2542; baseline 0.008 -2"><span class='ocrx_word' id='word_1_197' title='bbox 271 2478 520 2542; x_wconf 90' lang='lat' dir='ltr'>Philus.</span> 
     </span>
    </p>

    <p class='ocr_par' dir='ltr' id='par_1_6' title="bbox 271 2562 2361 3612">
     <span class='ocr_line' id='line_1_27' title="bbox 451 2562 2357 2645; baseline -0.002 -16"><span class='ocrx_word' id='word_1_198' title='bbox 451 2562 616 2629; x_wconf 83' lang='lat' dir='ltr'>Cum</span> <span class='ocrx_word' id='word_1_199' title='bbox 653 2564 1153 2630; x_wconf 89' lang='lat' dir='ltr'>increbresceret</span> <span class='ocrx_word' id='word_1_200' title='bbox 1195 2586 1417 2629; x_wconf 88' lang='lat' dir='ltr'>rumor</span> <span class='ocrx_word' id='word_1_201' title='bbox 1462 2566 1703 2630; x_wconf 91' lang='lat' dir='ltr'>bellum</span> <span class='ocrx_word' id='word_1_202' title='bbox 1747 2565 1816 2629; x_wconf 92' lang='lat' dir='ltr'>in</span> <span class='ocrx_word' id='word_1_203' title='bbox 1861 2564 2081 2630; x_wconf 87' lang='lat' dir='ltr'>Sicilia</span> <span class='ocrx_word' id='word_1_204' title='bbox 2127 2587 2286 2645; x_wconf 90' lang='lat' dir='ltr'>esse,</span> <span class='ocrx_word' id='word_1_205' title='bbox 2325 2578 2357 2626; x_wconf 76' lang='grc'><strong>7</strong></span> 
     </span>
     <span class='ocr_line' id='line_1_28' title="bbox 271 2651 2290 2738; baseline 0 -22"><span class='ocrx_word' id='word_1_206' title='bbox 271 2652 347 2718; x_wconf 90' lang='grc' dir='ltr'>Τ.</span> <span class='ocrx_word' id='word_1_207' title='bbox 394 2651 706 2716; x_wconf 88' lang='lat' dir='ltr'>Otacilius</span> <span class='ocrx_word' id='word_1_208' title='bbox 755 2673 827 2715; x_wconf 92' lang='lat' dir='ltr'>eo</span> <span class='ocrx_word' id='word_1_209' title='bbox 875 2674 1021 2717; x_wconf 93' lang='lat' dir='ltr'>cum</span> <span class='ocrx_word' id='word_1_210' title='bbox 1066 2654 1272 2717; x_wconf 90' lang='lat' dir='ltr'>classe</span> <span class='ocrx_word' id='word_1_211' title='bbox 1315 2653 1638 2738; x_wconf 89' lang='lat' dir='ltr'>proficisci</span> <span class='ocrx_word' id='word_1_212' title='bbox 1681 2653 1895 2717; x_wconf 91' lang='lat' dir='ltr'>iussus</span> <span class='ocrx_word' id='word_1_213' title='bbox 1944 2655 2060 2717; x_wconf 90' lang='lat' dir='ltr'>est.</span> <span class='ocrx_word' id='word_1_214' title='bbox 2143 2674 2290 2717; x_wconf 89' lang='lat' dir='ltr'>cum</span> 
     </span>
     <span class='ocr_line' id='line_1_29' title="bbox 273 2739 2289 2823; baseline -0 -18"><span class='ocrx_word' id='word_1_215' title='bbox 273 2742 572 2805; x_wconf 88' lang='lat' dir='ltr'>deessent</span> <span class='ocrx_word' id='word_1_216' title='bbox 598 2742 860 2820; x_wconf 89' lang='lat' dir='ltr'>nautae,</span> <span class='ocrx_word' id='word_1_217' title='bbox 885 2740 1180 2805; x_wconf 90' lang='lat' dir='ltr'>consules</span> <span class='ocrx_word' id='word_1_218' title='bbox 1210 2763 1284 2805; x_wconf 88' lang='lat' dir='ltr'>ex</span> <span class='ocrx_word' id='word_1_219' title='bbox 1316 2744 1581 2806; x_wconf 91' lang='lat' dir='ltr'>senatus</span> <span class='ocrx_word' id='word_1_220' title='bbox 1611 2739 1905 2806; x_wconf 89' lang='lat' dir='ltr'>consulto</span> <span class='ocrx_word' id='word_1_221' title='bbox 1940 2740 2289 2823; x_wconf 86' lang='lat' dir='ltr'>edixerunt,</span> 
     </span>
     <span class='ocr_line' id='line_1_30' title="bbox 272 2826 2287 2913; baseline 0 -21"><span class='ocrx_word' id='word_1_222' title='bbox 272 2833 373 2912; x_wconf 91' lang='lat' dir='ltr'>ut,</span> <span class='ocrx_word' id='word_1_223' title='bbox 410 2829 522 2913; x_wconf 91' lang='lat' dir='ltr'>qui</span> <span class='ocrx_word' id='word_1_224' title='bbox 558 2827 628 2894; x_wconf 90' lang='lat' dir='ltr'>L.</span> <span class='ocrx_word' id='word_1_225' title='bbox 657 2827 939 2895; x_wconf 90' lang='lat' dir='ltr'>Aemilio</span> <span class='ocrx_word' id='word_1_226' title='bbox 978 2826 1046 2895; x_wconf 84' lang='lat' dir='ltr'>O.</span> <span class='ocrx_word' id='word_1_227' title='bbox 1074 2826 1398 2894; x_wconf 88' lang='lat' dir='ltr'>Flaminio</span> <span class='ocrx_word' id='word_1_228' title='bbox 1427 2828 1799 2894; x_wconf 86' lang='lat' dir='ltr'>censoribus</span> <span class='ocrx_word' id='word_1_229' title='bbox 1827 2827 2091 2893; x_wconf 90' lang='lat' dir='ltr'>milibus</span> <span class='ocrx_word' id='word_1_230' title='bbox 2121 2828 2287 2893; x_wconf 90' lang='lat' dir='ltr'>aeris</span> 
     </span>
     <span class='ocr_line' id='line_1_31' title="bbox 274 2916 2288 3002; baseline 0.001 -23"><span class='ocrx_word' id='word_1_231' title='bbox 274 2917 745 3001; x_wconf 88' lang='lat' dir='ltr'>quinquaginta</span> <span class='ocrx_word' id='word_1_232' title='bbox 787 2916 928 2999; x_wconf 90' lang='lat' dir='ltr'>ipse</span> <span class='ocrx_word' id='word_1_233' title='bbox 975 2921 1088 2982; x_wconf 89' lang='lat' dir='ltr'>aut</span> <span class='ocrx_word' id='word_1_234' title='bbox 1129 2922 1315 3001; x_wconf 90' lang='lat' dir='ltr'>pater</span> <span class='ocrx_word' id='word_1_235' title='bbox 1360 2917 1497 2982; x_wconf 91' lang='lat' dir='ltr'>eius</span> <span class='ocrx_word' id='word_1_236' title='bbox 1543 2938 1769 2983; x_wconf 89' lang='lat' dir='ltr'>census</span> <span class='ocrx_word' id='word_1_237' title='bbox 1811 2916 2043 2983; x_wconf 84' lang='lat' dir='ltr'>fuisset</span> <span class='ocrx_word' id='word_1_238' title='bbox 2087 2939 2288 3002; x_wconf 89' lang='lat' dir='ltr'>usque</span> 
     </span>
     <span class='ocr_line' id='line_1_32' title="bbox 275 3003 2287 3089; baseline 0 -21"><span class='ocrx_word' id='word_1_239' title='bbox 275 3003 358 3068; x_wconf 92' lang='lat' dir='ltr'>ad</span> <span class='ocrx_word' id='word_1_240' title='bbox 405 3007 660 3069; x_wconf 92' lang='lat' dir='ltr'>centum</span> <span class='ocrx_word' id='word_1_241' title='bbox 703 3006 912 3089; x_wconf 89' lang='lat' dir='ltr'>milia,</span> <span class='ocrx_word' id='word_1_242' title='bbox 958 3010 1075 3071; x_wconf 88' lang='lat' dir='ltr'>aut</span> <span class='ocrx_word' id='word_1_243' title='bbox 1116 3006 1220 3071; x_wconf 89' lang='lat' dir='ltr'>cui</span> <span class='ocrx_word' id='word_1_244' title='bbox 1263 3009 1495 3089; x_wconf 89' lang='lat' dir='ltr'>postea</span> <span class='ocrx_word' id='word_1_245' title='bbox 1529 3008 1716 3071; x_wconf 89' lang='lat' dir='ltr'>tanta</span> <span class='ocrx_word' id='word_1_246' title='bbox 1750 3027 1851 3071; x_wconf 89' lang='lat' dir='ltr'>res</span> <span class='ocrx_word' id='word_1_247' title='bbox 1890 3009 2061 3070; x_wconf 90' lang='lat' dir='ltr'>esset</span> <span class='ocrx_word' id='word_1_248' title='bbox 2095 3005 2287 3086; x_wconf 83' lang='lat' dir='ltr'>facta,</span> 
     </span>
     <span class='ocr_line' id='line_1_33' title="bbox 273 3094 2361 3178; baseline 0 -24"><span class='ocrx_word' id='word_1_249' title='bbox 273 3094 542 3155; x_wconf 88' lang='lat' dir='ltr'>nautam</span> <span class='ocrx_word' id='word_1_250' title='bbox 585 3115 783 3157; x_wconf 91' lang='lat' dir='ltr'>unum</span> <span class='ocrx_word' id='word_1_251' title='bbox 830 3115 975 3159; x_wconf 89' lang='lat' dir='ltr'>cum</span> <span class='ocrx_word' id='word_1_252' title='bbox 1030 3114 1140 3159; x_wconf 85' lang='lat' dir='ltr'>sex</span> <span class='ocrx_word' id='word_1_253' title='bbox 1193 3116 1489 3159; x_wconf 89' lang='lat' dir='ltr'>mensum</span> <span class='ocrx_word' id='word_1_254' title='bbox 1546 3094 1862 3178; x_wconf 89' lang='lat' dir='ltr'>stipendio</span> <span class='ocrx_word' id='word_1_255' title='bbox 1917 3094 2126 3176; x_wconf 81' lang='lat' dir='ltr'>daret3</span> <span class='ocrx_word' id='word_1_256' title='bbox 2182 3095 2290 3178; x_wconf 90' lang='lat' dir='ltr'>qui</span> <span class='ocrx_word' id='word_1_257' title='bbox 2327 3105 2361 3153; x_wconf 87' lang='lat'>8</span> 
     </span>
     <span class='ocr_line' id='line_1_34' title="bbox 275 3182 2291 3268; baseline 0 -27"><span class='ocrx_word' id='word_1_258' title='bbox 275 3200 476 3261; x_wconf 87' lang='lat' dir='ltr'>supra</span> <span class='ocrx_word' id='word_1_259' title='bbox 511 3183 764 3245; x_wconf 90' lang='lat' dir='ltr'>centum</span> <span class='ocrx_word' id='word_1_260' title='bbox 801 3182 986 3248; x_wconf 89' lang='lat' dir='ltr'>milia</span> <span class='ocrx_word' id='word_1_261' title='bbox 1015 3203 1216 3267; x_wconf 90' lang='lat' dir='ltr'>usque</span> <span class='ocrx_word' id='word_1_262' title='bbox 1253 3182 1335 3247; x_wconf 90' lang='lat' dir='ltr'>ad</span> <span class='ocrx_word' id='word_1_263' title='bbox 1372 3185 1688 3268; x_wconf 88' lang='lat' dir='ltr'>trecenta,</span> <span class='ocrx_word' id='word_1_264' title='bbox 1724 3183 1847 3248; x_wconf 89' lang='lat' dir='ltr'>tris</span> <span class='ocrx_word' id='word_1_265' title='bbox 1875 3186 2106 3246; x_wconf 87' lang='lat' dir='ltr'>nautas</span> <span class='ocrx_word' id='word_1_266' title='bbox 2146 3201 2291 3244; x_wconf 93' lang='lat' dir='ltr'>cum</span> 
     </span>
     <span class='ocr_line' id='line_1_35' title="bbox 275 3265 2288 3355; baseline -0 -24"><span class='ocrx_word' id='word_1_267' title='bbox 275 3265 600 3350; x_wconf 90' lang='lat' dir='ltr'>stipendio</span> <span class='ocrx_word' id='word_1_268' title='bbox 649 3289 885 3354; x_wconf 79' lang='lat' dir='ltr'>annu03</span> <span class='ocrx_word' id='word_1_269' title='bbox 932 3270 1044 3355; x_wconf 91' lang='lat' dir='ltr'>qui</span> <span class='ocrx_word' id='word_1_270' title='bbox 1089 3292 1285 3354; x_wconf 91' lang='lat' dir='ltr'>supra</span> <span class='ocrx_word' id='word_1_271' title='bbox 1331 3273 1621 3335; x_wconf 86' lang='lat' dir='ltr'>trecenta</span> <span class='ocrx_word' id='word_1_272' title='bbox 1655 3291 1856 3353; x_wconf 90' lang='lat' dir='ltr'>usque</span> <span class='ocrx_word' id='word_1_273' title='bbox 1902 3269 1985 3333; x_wconf 92' lang='lat' dir='ltr'>ad</span> <span class='ocrx_word' id='word_1_274' title='bbox 2033 3266 2288 3331; x_wconf 91' lang='lat' dir='ltr'>deciens</span> 
     </span>
     <span class='ocr_line' id='line_1_36' title="bbox 274 3354 2289 3443; baseline -0.001 -24"><span class='ocrx_word' id='word_1_275' title='bbox 274 3356 468 3438; x_wconf 85' lang='lat' dir='ltr'>aeris,</span> <span class='ocrx_word' id='word_1_276' title='bbox 506 3354 786 3439; x_wconf 90' lang='lat' dir='ltr'>quinque</span> <span class='ocrx_word' id='word_1_277' title='bbox 821 3361 1081 3443; x_wconf 80' lang='lat' dir='ltr'>nautas3</span> <span class='ocrx_word' id='word_1_278' title='bbox 1118 3359 1228 3441; x_wconf 91' lang='lat' dir='ltr'>qui</span> <span class='ocrx_word' id='word_1_279' title='bbox 1256 3380 1454 3442; x_wconf 91' lang='lat' dir='ltr'>supra</span> <span class='ocrx_word' id='word_1_280' title='bbox 1481 3358 1761 3435; x_wconf 88' lang='lat' dir='ltr'>deciens,</span> <span class='ocrx_word' id='word_1_281' title='bbox 1797 3360 2072 3437; x_wconf 81' lang='lat' dir='ltr'>septem3</span> <span class='ocrx_word' id='word_1_282' title='bbox 2110 3374 2289 3418; x_wconf 88' lang='lat' dir='ltr'>sena-</span> 
     </span>
     <span class='ocr_line' id='line_1_37' title="bbox 272 3441 2361 3526; baseline -0.002 -19"><span class='ocrx_word' id='word_1_283' title='bbox 272 3445 447 3508; x_wconf 86' lang='lat' dir='ltr'>tores</span> <span class='ocrx_word' id='word_1_284' title='bbox 485 3446 630 3508; x_wconf 88' lang='lat' dir='ltr'>octo</span> <span class='ocrx_word' id='word_1_285' title='bbox 667 3447 900 3509; x_wconf 86' lang='lat' dir='ltr'>nautas</span> <span class='ocrx_word' id='word_1_286' title='bbox 937 3466 1081 3509; x_wconf 92' lang='lat' dir='ltr'>cum</span> <span class='ocrx_word' id='word_1_287' title='bbox 1119 3468 1331 3510; x_wconf 91' lang='lat' dir='ltr'>annuo</span> <span class='ocrx_word' id='word_1_288' title='bbox 1369 3444 1689 3526; x_wconf 90' lang='lat' dir='ltr'>stipendio</span> <span class='ocrx_word' id='word_1_289' title='bbox 1728 3444 1973 3508; x_wconf 89' lang='lat' dir='ltr'>darent.</span> <span class='ocrx_word' id='word_1_290' title='bbox 2054 3464 2131 3507; x_wconf 88' lang='lat' dir='ltr'>ex</span> <span class='ocrx_word' id='word_1_291' title='bbox 2166 3441 2291 3507; x_wconf 92' lang='lat' dir='ltr'>hoc</span> <span class='ocrx_word' id='word_1_292' title='bbox 2327 3453 2361 3501; x_wconf 81' lang='grc'>9</span> 
     </span>
     <span class='ocr_line' id='line_1_38' title="bbox 273 3529 2286 3612; baseline -0.001 -19"><span class='ocrx_word' id='word_1_293' title='bbox 273 3530 486 3597; x_wconf 88' lang='lat' dir='ltr'>edicto</span> <span class='ocrx_word' id='word_1_294' title='bbox 522 3531 659 3597; x_wconf 87' lang='lat' dir='ltr'>dati</span> <span class='ocrx_word' id='word_1_295' title='bbox 692 3535 931 3598; x_wconf 88' lang='lat' dir='ltr'>nautae</span> <span class='ocrx_word' id='word_1_296' title='bbox 970 3534 1207 3598; x_wconf 85' lang='lat' dir='ltr'>armati</span> <span class='ocrx_word' id='word_1_297' title='bbox 1242 3530 1668 3612; x_wconf 86' lang='lat' dir='ltr'>instructique</span> <span class='ocrx_word' id='word_1_298' title='bbox 1710 3529 1791 3593; x_wconf 91' lang='lat' dir='ltr'>ab</span> <span class='ocrx_word' id='word_1_299' title='bbox 1832 3529 2106 3595; x_wconf 85' lang='lat' dir='ltr'>dominis</span> <span class='ocrx_word' id='word_1_300' title='bbox 2144 3550 2286 3594; x_wconf 92' lang='lat' dir='ltr'>cum</span> 
     </span>
    </p>
   </div>
  </div>
 </body>
</html>
