2654 3913
351 195 478 260 150
641 193 855 248 LIBER
890 193 1084 249 XXVI.
1158 193 1311 249 CAP.
1351 201 1438 250 31.
1477 201 1561 250 32.
1637 196 1712 266 [a.
1750 194 1814 251 U.
1855 212 1902 251 c.
1940 198 2069 266 544]

348 360 581 422 essem,
616 361 969 423 numquam
1004 339 1231 423 spoliis
1271 360 1496 404 earum
1532 340 1759 404 urbem
1787 338 2064 406 Romam
2102 363 2369 407 exorna-

346 448 501 493 rem.
582 449 745 510 quae
791 431 1009 493 autem
1054 427 1330 511 singulis
1377 427 1588 494 victor
1633 431 1747 493 aut
1791 428 2001 493 ademi
2048 433 2164 495 aut
2208 430 2372 512 dedi,

349 537 498 582 cum
542 516 700 580 belli
744 515 882 580 iure
928 519 1071 581 tum
1117 537 1196 581 ex
1242 516 1552 600 cuiusque
1598 516 1833 581 merito
1873 517 2032 583 satis
2083 517 2219 583 scio
2267 539 2370 583 me
2479 596 2484 600 ,

243 615 311 665 10
347 603 594 669 fecisse.
667 625 743 669 ea
779 625 895 669 vos
932 607 1078 668 rata
1113 603 1441 688 habeatis,
1477 608 1700 688 patres
1739 604 2111 690 conscripti,
2153 627 2371 690 necne,

348 693 561 779 magis
616 692 712 756 rei
766 692 1063 775 publicae
1116 692 1395 757 interest
1448 714 1642 776 quam
1688 714 1849 758 mea.
1943 694 2177 778 quippe
2224 716 2370 759 mea

347 781 506 845 fides
553 781 849 845 exsoluta
894 784 1022 863 est3
1070 779 1151 845 ad
1197 801 1337 882 rem
1381 781 1711 864 publicam
1746 782 2053 866 pertinet,
2095 803 2176 847 ne
2224 785 2370 847 acta

347 890 494 933 mea
553 868 976 933 rescindendo
1042 868 1207 933 alios
1271 867 1343 932 in
1395 872 1731 952 posterum
1788 870 2120 956 segniores
2179 870 2368 936 duces

245 966 308 1016 11
347 955 624 1020 faciatis.
697 959 763 1020 et
799 957 1108 1039 quoniam
1146 977 1364 1021 coram
1401 961 1466 1021 et
1494 954 1858 1022 Siculorum
1886 961 1953 1022 et
1992 980 2138 1023 mea
2172 959 2371 1024 verba

348 1043 646 1126 audistiS,
701 1047 924 1126 patres
981 1044 1359 1129 conscripti,
1414 1045 1607 1109 simul
1670 1046 1916 1128 templo
1974 1041 2371 1131 excedemuS,

348 1136 423 1197 ut
458 1152 561 1197 me
599 1132 865 1197 absente
901 1131 1168 1198 liberius
1207 1133 1457 1198 consuli
1494 1134 1757 1197 senatus
1795 1132 2070 1216 possit.''
2144 1135 2239 1199 ita
2277 1134 2369 1200 di·

346 1219 534 1286 missi
563 1218 791 1303 Siculi,
821 1225 887 1285 et
917 1220 1057 1304 ipse
1085 1222 1154 1285 in
1182 1219 1583 1304 Capitolium
1611 1220 1691 1285 ad
1718 1220 2025 1285 dilectum
2052 1221 2369 1289 discessit.

280 1320 308 1368 1
346 1307 618 1375 XXXII.
664 1309 888 1375 consul
926 1310 1091 1374 alter
1127 1310 1205 1374 de
1242 1308 1591 1393 postulatis
1630 1305 1993 1374 Siculorum
2030 1309 2111 1374 ad
2148 1314 2368 1393 patres

346 1399 621 1464 rettulit.
664 1399 762 1463 ibi
789 1419 935 1463 cum
962 1399 1072 1463 diu
1100 1398 1437 1464 sententiis
1466 1400 1783 1463 certatum
1813 1401 2001 1479 esset,
2034 1402 2100 1462 et
2128 1418 2370 1483 magna

347 1508 499 1570 pars
546 1491 834 1571 senatus,
880 1486 1171 1570 principe
1217 1486 1354 1551 eius
1402 1487 1760 1551 sententiae
1807 1485 1879 1551 T.
1922 1485 2168 1551 Manlio
2214 1486 2370 1552 Tor-

276 1585 308 1633 2
348 1579 574 1660 quat0,
630 1597 776 1641 cum
828 1574 1128 1657 tyrannis
1194 1574 1439 1639 bellum
1494 1574 1846 1660 gerendum
1900 1574 2101 1639 fuisse
2155 1596 2370 1640 cense-

347 1666 520 1746 rent,
564 1662 861 1728 hostibus
900 1665 965 1726 et
1002 1659 1554 1744 Syracusanorum
1591 1666 1659 1725 et
1692 1661 1921 1745 populi
1958 1661 2266 1746 Romani,
2305 1666 2372 1728 et

346 1750 574 1814 urbem
619 1748 845 1833 recipi,
889 1769 1024 1812 non
1069 1748 1243 1831 capi,
1295 1752 1363 1812 et
1406 1752 1731 1832 receptam
1779 1749 2035 1833 legibus
2083 1750 2370 1833 antiquis

347 1840 413 1900 et
456 1835 759 1901 libertate
817 1834 1123 1918 stabiliri,
1177 1855 1311 1899 non
1354 1834 1596 1899 fessam
1640 1834 2009 1900 miseranda
2054 1836 2369 1901 servitute

274 1937 306 1986 3
345 1923 520 1990 116116
570 1923 821 2009 adfligi·
879 1922 1050 1989 inter
1093 1926 1521 2008 tyrannorum
1577 1927 1643 1988 et
1688 1922 1867 1990 ducis
1912 1922 2193 1990 Romani
2239 1945 2369 1991 cer-

343 2013 596 2080 tamina
652 2013 1011 2097 praemium
1067 2013 1336 2079 victoris
1398 2013 1469 2077 111
1527 2013 1741 2078 medio
1800 2013 2085 2096 positam
2143 2013 2370 2080 urbem

345 2103 850 2189 pulcherrimam
886 2123 962 2168 ac
995 2101 1477 2168 nobilissimam
1514 2102 1791 2185 perisse,
1832 2102 2138 2168 horreum
2174 2106 2367 2187 atque

349 2192 669 2257 aerarium
715 2190 1037 2275 quondam
1083 2186 1310 2275 poplfli
1346 2189 1652 2273 Romani,
1699 2189 1879 2255 cuius
1925 2190 2371 2256 munificentia

347 2300 422 2343 ac
469 2279 655 2343 donis
702 2278 924 2342 multis
971 2278 1503 2361 tempestatibus,
1558 2277 1683 2341 hoc
1729 2277 2002 2361 denique
2056 2278 2197 2361 ipso
2244 2278 2369 2343 Pu-

275 2377 312 2426 4
344 2365 490 2430 nico
535 2364 710 2429 bello
757 2364 979 2428 adiuta
1025 2369 1378 2448 ornataque
1434 2384 1538 2428 res
1583 2363 1847 2447 publica
1903 2368 2091 2429 esset.
2181 2365 2240 2429 si
2286 2367 2368 2431 ab

346 2451 570 2518 inferis
630 2452 867 2517 existat
920 2472 1033 2516 rex
1086 2450 1316 2535 Hiero,
1381 2450 1733 2516 fidissimus
1796 2451 2029 2534 imperi
2089 2451 2369 2518 Romani

349 2541 582 2625 cultor,
628 2562 755 2624 quo
803 2561 914 2606 ore
961 2544 1074 2605 aut
1119 2537 1475 2623 Syracusas
1528 2544 1644 2605 aut
1686 2539 1965 2606 Romam
2012 2540 2073 2606 ei
2119 2542 2371 2607 ostendi

347 2651 565 2715 posse,
613 2651 784 2712 cum,
838 2628 952 2694 ubi
998 2629 1378 2694 semirutam
1431 2650 1506 2693 ac
1554 2628 1901 2712 spoliatam
1945 2629 2228 2712 patriam
2272 2652 2370 2695 re·

351 2718 662 2805 spexerit,
707 2679 1077 2802 in'grediens
1113 2716 1394 2782 Romam
1438 2718 1508 2782 in
1542 2716 1869 2782 vestibulo
1916 2717 2123 2801 urbis,
2166 2739 2371 2804 prope

278 2819 310 2867 5
348 2807 419 2872 111
452 2810 670 2890 porta,
707 2806 919 2890 spolia
952 2806 1203 2889 patriae
1242 2827 1399 2871 suae
1425 2805 1683 2870 visurus
1710 2805 1843 2870 sit‘?
1877 2839 1954 2851 —
1994 2804 2156 2872 haec
2183 2806 2371 2870 talia-

350 2916 474 2978 que
520 2916 668 2960 cum
715 2893 795 2958 ad
841 2893 1152 2958 invidiam
1208 2893 1489 2959 consulis
1536 2893 2148 2977 miserationemque
2195 2892 2370 2960 Sicu·

349 2984 562 3046 lorum
625 2982 1015 3062 dicerentur,
1078 2982 1300 3046 mitius
1366 2985 1585 3046 tamen
1651 2981 2069 3047 decreverunt
2122 2980 2371 3065 patres.

278 3083 311 3132 6
351 3072 499 3134 acta
560 3067 647 3133 M.
695 3066 1022 3152 Marcelli,
1084 3090 1247 3152 quae
1311 3069 1369 3133 is
1434 3088 1666 3153 gerens
1729 3068 1975 3135 bellum
2040 3069 2373 3157 victorque

351 3157 619 3242 egisset,
679 3160 824 3220 rata
866 3156 1165 3220 habenda
1211 3178 1378 3241 esse3
1432 3157 1501 3220 in
1545 3156 1818 3222 relicum
1873 3178 2061 3223 curae
2117 3160 2374 3225 senatui

347 3246 488 3311 fore
523 3266 663 3311 rem
693 3242 1169 3328 Syracusanam
1205 3245 1753 3347 mandaturosque
1789 3245 2043 3311 consuli
2069 3245 2373 3328 Laevino,

347 3338 451 3416 ut,
488 3333 659 3417 quod
696 3334 834 3399 sine
871 3334 1124 3400 iactura
1160 3333 1255 3399 rei
1290 3333 1592 3418 publicae
1627 3333 1772 3398 fieri
1804 3337 2056 3417 posset,
2091 3333 2372 3398 fortunis

279 3431 310 3479 ‘1
349 3420 485 3483 eius
532 3420 819 3487 civitatis
857 3421 1238 3487 consuleret.
1311 3421 1530 3486 missis
1569 3421 1818 3486 duobus
1861 3420 2269 3487 senatoribus
2305 3423 2376 3487 in

348 3502 745 3587 Capitolium
813 3508 892 3572 ad
959 3509 1315 3593 consulem,
1384 3510 1481 3574 uti
1544 3509 1784 3575 rediret
1849 3509 1921 3573 in
1981 3509 2253 3594 curiam,
2310 3518 2378 3577 et
