2654 3913
421 238 511 307 ‘28
718 243 935 299 LIBER
970 245 1164 302 XXIV.
1241 247 1391 301 CAP.
1432 254 1516 300 24.
1557 253 1641 302 25.
1718 249 1794 318 [a.
1832 248 1895 303 U.
1937 267 1981 304 0.
2021 255 2147 322 540]

309 420 325 436 ·
356 401 387 449 6
424 389 690 453 tandem
742 389 919 454 facto
973 389 1249 455 indicem
1303 389 1371 453 in
1427 389 1669 453 curiam
1725 390 2233 458 introduxerunt.
2271 446 2276 449 .
2328 396 2437 479 qui

426 498 572 542 cum
611 477 832 543 ordine
872 478 1090 542 omnia
1127 477 1511 541 edocuisset:
1550 477 1941 562 principium
1978 481 2437 547 coniurationis

425 566 671 631 factum
731 566 811 630 ab
873 564 1265 629 Harmoniae
1326 562 1591 630 Gelonis
1646 567 1817 630 filiae
1871 569 2143 652 nuptiiS,
2203 569 2437 653 quibus

357 667 386 714 7
425 654 759 718 Themisto
804 654 1024 716 iuncta
1061 654 1258 736 esset3
1303 651 1616 718 Afrorum
1651 653 2217 741 Hispanorumque
2264 658 2437 721 auxi-

423 744 614 807 liares
661 743 1011 805 instructos
1066 739 1147 803 ad
1207 741 1465 806 caedem
1526 746 1897 826 praetorum
1951 744 2437 828 principumque

426 830 728 908 aliorum,
765 827 1058 911 bonaque
1098 849 1317 892 eorum
1346 830 1626 912 praedae
1661 831 1882 897 futura
1918 833 2436 899 interfectoribus

353 926 386 974 8
422 917 938 1005 pronuntiatum3
985 916 1114 979 iam
1160 920 1748 984 mercennariorum
1795 944 2056 987 manum
2104 919 2466 988 adsuetam¹
2503 956 2511 962 ·

424 1004 712 1086 imperiis
751 1004 1153 1068 Adranodori
1200 1009 1498 1089 paratam
1533 1006 1733 1071 fuisse
1769 1009 1856 1081 ad
1892 1009 2047 1114 ἔπιες
2078 1033 2181 1075 am
2217 1033 2453 1107 rgrsus-

425 1092 885 1177 occupandam3
942 1093 1198 1177 singula
1247 1094 1504 1176 deinde,
1558 1116 1721 1178 quae
1782 1087 1897 1179 p'er
1935 1082 2240 1182 ‘isosi'su‘e
2294 1098 2439 1185 age-

422 1183 672 1264 rentur,
725 1183 1060 1265 totamque
1114 1182 1273 1246 viris
1331 1182 1656 1266 armisque
1711 1183 2095 1249 instructam
2152 1188 2439 1252 coniura-

423 1269 665 1334 tionem
705 1273 854 1333 ante
890 1269 1111 1334 oculos
1151 1270 1388 1352 posuit.
1453 1274 1519 1335 et
1555 1272 1807 1336 senatui
1844 1273 2101 1356 quidem
2138 1277 2274 1338 tam
2302 1277 2439 1340 iure

356 1369 387 1417 9
426 1358 599 1423 caesi
630 1380 820 1441 quam
848 1356 1284 1440 Hieronymus
1323 1358 1733 1442 videbantur3
1773 1367 1924 1426 ante
1951 1363 2196 1427 curiam
2223 1365 2440 1429 variae
2513 1366 2520 1373 ”

427 1451 619 1530 atque
665 1447 946 1511 incertae
991 1467 1203 1511 rerum
1251 1447 1681 1512 multitudinis
1729 1449 1972 1515 clamor
2019 1454 2176 1516 erat.
2247 1474 2440 1536 quam

424 1536 726 1601 ferociter
769 1534 1180 1599 minitantem
1227 1535 1298 1600 in
1345 1536 1667 1601 vestibulo
1714 1538 1929 1603 curiae
1977 1561 2249 1623 corpora
2294 1562 2440 1606 con-

426 1626 783 1689 iuratorum
823 1642 898 1686 eo
926 1627 1105 1686 metu
1134 1627 1681 1708 compresserunt,
1715 1628 1791 1689 ut
1828 1626 2089 1693 silentes
2118 1628 2439 1712 integram

325 1723 389 1770 10
424 1713 678 1795 plebem
725 1711 794 1774 in
840 1711 1206 1775 contionem
1244 1715 1673 1794 sequerentur.
1749 1709 2025 1794 Sopatro
2066 1715 2439 1780 mandatum
2526 1752 2534 1774 l

357 1812 385 1858 1
427 1799 509 1864 ab
557 1801 784 1863 senatu
839 1803 905 1862 et
960 1820 996 1861 a
1051 1799 1342 1882 collegiS‚
1396 1801 1470 1862 ut
1522 1797 1719 1863 verba
1770 1798 2029 1870 faceret.
2116 1801 2321 1866 XXV.
2364 1805 2439 1885 is,

424 1891 754 1971 tamquam
802 1907 945 1952 reos
994 1891 1240 1971 ageret,
1287 1885 1368 1950 ab
1418 1889 1567 1950 ante
1615 1890 1759 1951 acta
1805 1887 1943 1952 vita
1990 1909 2202 1973 orsuS,
2249 1911 2437 1973 quae-

427 1998 697 2060 cumque
755 1979 906 2060 post
963 1974 1264 2040 Hieronis
1325 1978 1603 2039 mortem
1663 1976 1929 2041 sceleste
1989 1981 2180 2061 atque
2240 1978 2439 2062 impie

280 2099 343 2124 v„
424 2066 597 2130 facta
630 2067 860 2148 essent,
886 2063 1377 2129 Adranodorum
1412 2085 1485 2128 ac
1513 2063 1919 2129 Themistum
1950 2067 2168 2149 arguit
2194 2066 2439 2132 fecisse.

355 2165 388 2214 2
427 2155 580 2238 quid
628 2155 799 2217 enim
846 2174 963 2217 sua
1008 2155 1236 2236 sponte
1280 2150 1512 2216 fecisse
1557 2152 2050 2237 Hieronymum,
2097 2155 2249 2238 quid
2283 2178 2439 2239 pue-

424 2264 569 2306 rum
616 2262 691 2304 ac
733 2239 994 2306 vixdum
1031 2239 1489 2322 pubescentem
1531 2239 1743 2305 facere
1780 2242 2115 2324 potuisse?
2189 2247 2438 2309 tutores

366 2350 499 2393 ac
545 2328 897 2410 magistros
944 2328 1078 2390 eius
1127 2328 1246 2391 sub
1294 2328 1508 2391 aliena
1553 2328 1797 2392 invidia
1841 2350 2171 2414 regnasse3
2217 2330 2439 2415 itaque

426 2418 539 2480 aut
576 2419 725 2478 ante
751 2414 1217 2497 Hieronymum
1257 2419 1372 2479 aut
1407 2419 1577 2480 certe
1613 2437 1759 2481 cum
1796 2416 2193 2502 Hieronymo
2230 2419 2439 2501 perire

355 2516 388 2563 3
428 2526 538 2569 cos
577 2502 890 2567 debuisse.
940 2506 1034 2566 'at
1070 2503 1219 2568 illos
1259 2503 1513 2568 debitos
1552 2503 1684 2568 iam
1719 2506 1913 2569 morti
1955 2505 2440 2591 destinatosque

427 2593 556 2658 alia
599 2613 769 2657 nova
815 2591 1057 2656 scelera
1100 2594 1253 2675 post
1286 2595 1562 2656 mortem
1600 2595 1860 2677 tyranni
1897 2593 2188 2678 molitos,
2221 2595 2440 2678 palam

420 2681 633 2765 primo
646 2731 663 2763 ,
723 2701 867 2744 cum
915 2679 1153 2745 clausis
1199 2679 1659 2746 Adranodorus
1707 2680 1965 2746 Insulae
2009 2683 2215 2764 portis
2260 2683 2438 2758 here-

423 2770 697 2834 ditatem
752 2769 938 2853 regni
994 2768 1269 2833 creverit
1326 2772 1418 2852 et,
1483 2790 1643 2852 quae
1697 2773 2075 2918 Pffififfiffq}
2091 2771 2441 2873 „sseRJJ-fifass‚

337 2868 389 2915 4
425 2877 542 2939 pro
583 2857 850 2921 domino
897 2856 1282 2939 possederit3
1329 2856 1624 2937 proditus
1672 2856 1816 2919 dem
1863 2878 1897 2919 e
1927 2855 2174 2938 abiem,
2221 2859 2439 2940 quiin

422 2943 648 3009 Insula
695 2946 905 3023 erant,
953 2943 1409 3007 circumsessus
1465 2942 1546 3006 ab
1595 2942 1894 3007 universa
1939 2943 2231 3028 civitate,
2278 2967 2439 3029 quae

336 3063 369 3082 ·»
425 3029 863 3094 Achradinam
910 3030 1215 3112 tenuerit,
1269 3029 1657 3114 nequiquam
1713 3032 1932 3113 palam
1978 3035 2172 3115 atque
2219 3038 2441 3118 aperte

424 3119 699 3202 petitum
754 3138 1023 3202 regnum
1078 3118 1245 3181 clam
1309 3120 1376 3181 et
1437 3117 1585 3182 dolo
1641 3117 1965 3183 adfectare
2030 3125 2299 3186 conatus
2356 3121 2442 3185 sit

356 3219 388 3269 5
427 3212 494 3273 et
518 3228 595 3273 ne
621 3205 933 3270 beneficio
962 3205 1215 3288 quidem
1245 3209 1440 3288 atque
1467 3205 1711 3269 honore
1738 3207 2023 3290 potuerit
2058 3209 2255 3291 vinci,
2293 3230 2439 3273 cum

426 3297 600 3361 inter
625 3294 1009 3359 liberatores
1038 3293 1284 3378 patriae
1311 3293 1655 3358 insidiator
1682 3293 1820 3377 ipse
1843 3296 2163 3379 libertatis
2188 3299 2440 3360 creatus

355 3397 387 3444 6
428 3388 598 3449 esset
652 3387 925 3467 praetor.
1016 3382 1126 3447 sed
1174 3381 1421 3446 animos
1468 3381 1560 3447 eis
1605 3383 1823 3468 regios
1869 3383 2081 3467 regias
2136 3382 2440 3467 coniuges

357 3482 388 3531 7
426 3471 686 3554 fecisse,
723 3471 913 3537 alteri
949 3470 1254 3536 Hieronis
1292 3471 1482 3535 alteri
1512 3469 1776 3536 Gelonis
1805 3471 1972 3534 filias
2001 3473 2256 3554 nuptas.
2319 3472 2440 3536 sub
2505 3483 2520 3496 “

427 3558 596 3622 hanc
615 3580 839 3623 vocem
867 3581 943 3623 ex
974 3559 1274 3625 omnibus
1301 3561 1597 3643 partibus
1627 3558 1944 3624 contionis
1965 3558 2206 3623 clamor
2234 3559 2444 3626 oritur
