2654 3913
642 207 857 264 LIBER
891 209 1061 266 XXV.
1137 210 1290 266 CAP.
1333 217 1416 266 16.
1494 212 1565 282 [a.
1607 212 1664 266 C.
1703 214 1831 283 212]
2171 213 2255 277 77

235 357 351 443 qui
386 358 456 421 in
484 355 760 420 Bruttiis
797 358 1122 440 praeerat,
1160 355 1330 420 clam
1365 356 1435 420 in
1466 355 1858 439 colloquium
1890 357 2070 421 venit
2103 357 2256 422 fide-

235 467 360 530 que
407 445 487 509 ab
536 465 612 509 eo
659 447 946 528 accepta,
993 444 1050 508 si
1086 443 1456 509 Romanum
1500 444 1583 508 iis
1624 444 2083 528 imperatorem
2126 449 2256 510 tra-

236 534 530 616 didisset,
576 532 819 597 liberos
849 553 995 597 cum
1024 532 1156 597 suis
1186 532 1443 617 legibus
1471 534 1776 598 venturos
1804 534 1875 597 in
1903 532 2256 598 amicitiam

234 621 559 705 Lucanos,
607 620 863 686 deducit
906 620 1199 685 Poenum
1242 620 1311 684 in
1358 621 1573 686 locum
1608 625 1828 686 natum
1864 623 2127 704 teqendis
2162 623 2256 687 in-

234 711 439 790 sidii-3,
475 730 594 792 quo
621 729 760 775 cum
794 709 1015 793 paucis
1046 707 1408 774 Gracchum
1438 709 1861 774 adducturum
1899 710 2019 774 ait:
2056 709 2252 795 Mago
2294 723 2327 772 8

235 799 332 865 ibi
367 799 620 883 pedites
650 798 1021 881 equitesque
1051 800 1340 862 armatos
1367 833 1455 842 —
1484 800 1550 861 et
1578 818 1804 881 capere
1834 819 1941 862 eas
1969 799 2254 864 latebras

235 889 570 973 ingentem
615 907 950 950 numerum
996 923 1084 934 —
1131 886 1466 951 occuleret.
1558 886 1701 950 loco
1755 886 1914 951 satis
1960 886 2254 970 inspecto
2293 898 2327 948 9

237 980 433 1061 atque
478 975 759 1059 undique
805 974 1143 1057 explorato
1189 973 1323 1038 dies
1372 975 1732 1057 composita
1785 975 2105 1060 gerendae
2158 974 2256 1040 rei

239 1068 359 1131 est.
420 1062 656 1128 Flavus
703 1061 783 1126 ad
826 1061 1195 1127 Romanum
1237 1062 1697 1144 imperatorem
1740 1064 1937 1129 venit.
1998 1085 2138 1128 rem
2186 1085 2254 1128 se
2295 1076 2362 1125 10

239 1151 335 1216 ait
381 1171 687 1236 magnam
732 1150 1096 1233 incohasse,
1151 1148 1231 1214 ad
1288 1172 1483 1234 quam
1537 1151 1992 1234 perficiendam
2049 1152 2256 1236 ipsius

239 1238 508 1306 Gracchi
555 1261 751 1324 opera
797 1260 959 1322 opus
1007 1259 1166 1303 esse.
1243 1238 1531 1303 omnium
1574 1239 1960 1322 populorum
2004 1244 2256 1324 praeto-

238 1329 443 1413 ribus,
497 1329 608 1411 qui
654 1327 736 1392 ad
782 1327 1070 1392 Poenum
1127 1327 1197 1390 in
1254 1327 1370 1390 illo
1427 1328 1752 1391 communi
1796 1327 2027 1391 Italiae
2074 1331 2255 1393 motu

241 1416 619 1499 descissent,
664 1416 1091 1498 persuasisse,
1145 1418 1219 1478 ut
1272 1413 1558 1478 redirent
1609 1414 1681 1478 in
1736 1415 2085 1479 amicitiam
2130 1414 2255 1480 Ro·
2296 1427 2361 1475 11

241 1525 612 1586 manorum,
675 1503 927 1586 quando
989 1523 1091 1568 res
1147 1523 1399 1586 quoque
1451 1501 1775 1588 Romana,
1839 1524 2002 1586 quae
2055 1524 2256 1587 prope

243 1592 513 1658 exitium
559 1590 740 1655 clade
778 1588 1104 1655 Cannensi
1143 1591 1458 1674 venisset,
1503 1589 1571 1655 in
1618 1590 1752 1655 dies
1798 1591 2027 1655 melior
2065 1595 2257 1675 atque

243 1681 495 1746 auctior
538 1680 746 1763 fieret,
791 1678 1175 1744 Hannibalis
1220 1678 1321 1743 vis
1369 1682 1733 1744 senesceret
1787 1701 1861 1744 ac
1917 1701 2120 1764 prope
2176 1680 2259 1744 ad

241 1769 521 1833 nihilum
557 1768 860 1834 venisset.
927 1768 1131 1833 veteri
1176 1767 1411 1832 delicto
1449 1766 1622 1833 haud
1665 1768 2073 1851 inplacabilis
2117 1768 2257 1834 fore
2297 1780 2364 1830 12

243 1857 596 1923 Romanos:
649 1857 894 1922 nullam
937 1877 1245 1941 umquam
1301 1860 1565 1941 gentem
1610 1858 1819 1942 magis
1866 1857 2257 1922 exorabilem

242 1947 835 2032 promptioremque
892 1946 1118 2010 veniae
1177 1943 1426 2011 dandae
1487 1944 1705 2010 fuisse.
1804 1945 2102 2030 quotiens
2162 1969 2257 2011 re-

242 2034 513 2099 bellioni
549 2035 746 2099 etiam
782 2034 1099 2098 maiorum
1135 2055 1400 2098 suorum
1438 2034 1759 2118 ignotum!
1819 2034 1979 2098 haec
2006 2035 2087 2099 ab
2118 2056 2258 2099 sese
2297 2046 2362 2095 13

246 2122 449 2205 dicta3
509 2125 793 2186 ceterum
848 2121 930 2185 ab
985 2121 1130 2203 ipso
1185 2120 1477 2187 Graccho
1538 2121 1762 2186 eadem
1820 2122 1980 2186 haec
2040 2122 2258 2185 audire

245 2210 439 2275 malle
468 2231 577 2275 eos
605 2209 1087 2295 praesentisque
1115 2211 1489 2296 contingere
1513 2209 1803 2274 dextram
1829 2215 1887 2274 et
1919 2210 1985 2274 id
2019 2210 2257 2294 pignus

244 2298 396 2364 fidei
443 2320 656 2364 secum
702 2298 887 2363 ferre.
951 2299 1164 2363 locum
1212 2321 1280 2364 se
1327 2299 1601 2364 concilio
1638 2297 1719 2364 iis
1758 2297 1994 2363 dixisse
2032 2320 2072 2363 a
2108 2320 2257 2365 con·
2298 2311 2365 2361 14

248 2391 472 2472 spectu
499 2391 791 2453 amotum
817 2386 989 2452 haud
1025 2388 1249 2471 procul
1287 2387 1515 2452 castris
1543 2387 1880 2472 Romanis3
1916 2387 2008 2453 ibi
2035 2388 2259 2471 paucis

245 2475 458 2540 verbis
505 2476 782 2558 transigi
825 2496 962 2538 rem
1008 2497 1228 2558 posse,
1282 2479 1358 2539 ut
1413 2497 1601 2540 omne
1647 2498 1884 2540 nomen
1929 2476 2260 2541 Lucanum

245 2563 318 2627 in
361 2562 487 2626 fide
534 2583 608 2626 ac
654 2563 960 2626 societate
997 2562 1292 2626 Romana
1330 2563 1436 2628 sit.
1504 2563 1828 2627 Gracchus
1863 2563 2159 2627 fraudem
2197 2567 2264 2627 et
2300 2575 2366 2624 15

249 2649 530 2716 sermoni
568 2652 632 2713 et
668 2648 765 2712 rei
802 2648 1026 2711 abesse
1063 2651 1246 2712 ratus
1285 2669 1362 2711 ac
1400 2648 1819 2712 similitudine
1856 2650 1993 2714 veri
2032 2652 2261 2730 captus

249 2759 393 2804 cum
438 2737 776 2802 lictoribus
833 2757 906 2801 ac
950 2738 1168 2799 turma
1218 2736 1507 2818 equitum
1564 2757 1598 2799 e
1645 2735 1877 2800 castris
1933 2735 2262 2818 profectus

247 2828 406 2893 duce
449 2825 706 2910 hospite
760 2825 832 2889 in
884 2822 1152 2888 insidias
1207 2823 1687 2906 praecipitatur.
1774 2824 1996 2889 hostes
2044 2824 2261 2889 subito
2302 2837 2369 2886 16

250 2915 483 2997 exorti,
528 2919 620 2999 et,
665 2936 746 2979 ne
791 2912 985 2978 dubia
1028 2912 1309 2995 proditio
1367 2915 1562 2995 esset,
1607 2910 1845 2978 Flavus
1900 2910 1982 2977 iis
2040 2933 2110 2977 se
2156 2912 2263 2977 ad-

248 3002 478 3086 iungit.
523 3004 683 3068 -tela
725 3002 1005 3086 undique
1050 3000 1120 3064 in
1157 2999 1521 3066 Gracchum
1568 3004 1762 3086 atque
1809 3001 2059 3085 equites
2114 3022 2262 3068 con-

248 3091 550 3157 iciuntur.
617 3089 941 3156 Gracchus
971 3112 1048 3155 ex
1077 3112 1239 3175 equo
1280 3090 1522 3173 desilit;
1558 3089 1729 3154 idem
1767 3095 2015 3157 ceteros
2050 3090 2263 3156 facere
2304 3102 2369 3151 17

249 3178 433 3244 iubet
489 3177 941 3263 hortaturque,
998 3182 1096 3264 ut,
1152 3179 1324 3263 quod
1377 3201 1575 3244 unum
1628 3178 1948 3264 reliquum
2002 3179 2265 3243 fortuna

248 3266 503 3351 fecerit,
556 3266 624 3330 id
670 3266 1091 3332 cohonestent
1133 3269 1390 3334 virtute.
1479 3267 1801 3351 reliquum
1847 3270 2063 3332 autem
2111 3264 2265 3348 quid
2305 3277 2372 3327 18

252 3377 391 3422 esse
434 3353 660 3439 paucis
716 3376 757 3420 a
800 3355 1206 3420 multitudine
1261 3357 1330 3420 in
1373 3356 1542 3420 valle
1598 3356 1761 3419 silva
1814 3375 1890 3419 ac
1933 3353 2265 3417 montibus

251 3448 480 3529 saepta
507 3444 958 3509 circumventis
985 3448 1242 3528 praeter
1274 3442 1596 3508 mortem?
1651 3442 1716 3506 id
1752 3442 2017 3526 referre,
2046 3445 2264 3507 utrum
2304 3455 2372 3504 19

251 3533 634 3617 praebentes
682 3554 954 3618 corpora
1006 3553 1310 3617 pecorum
1368 3530 1556 3597 modo
1603 3530 1798 3596 inulti
1841 3530 2266 3616 trucidentur,
