2654 3913
683 223 897 278 LIBER
932 224 1125 279 XXIV.
1201 225 1350 280 CAP.
1390 232 1476 280 39.
1552 226 1625 297 [a.
1665 226 1721 281 O.
1760 229 1888 299 214]
2209 230 2296 295 43

285 369 432 434 aliis
478 369 638 434 locis
680 369 763 434 ad
801 368 1151 434 obsidenda
1187 370 1422 434 itinera
1459 370 1977 455 claudendosque
2014 375 2300 456 oppositi

283 457 523 543 exitus3
567 479 717 541 pars
754 458 1037 521 maxima
1074 479 1264 541 super
1307 458 1632 523 theatrum
1680 459 2000 544 circaque,
2046 461 2298 527 adsueti

282 548 349 610 et
395 548 544 610 ante
602 545 969 628 spectaculo
1026 547 1425 631 contionum,
1481 547 1882 618 consistunt„
1948 549 2296 631 productus
2334 563 2366 610 2

292 619 395 626 --——--
418 614 522 627 ‘s—

283 632 363 697 ad
408 634 720 717 populum
767 655 807 698 a
851 633 1345 718 magistratibus
1383 635 1746 718 praefectus
1783 633 2114 700 Romanus
2152 659 2296 702 cum

283 722 565 787 consulis
615 721 692 786 de
740 743 816 787 ea
860 743 930 785 re
977 722 1079 786 ius
1128 743 1201 787 ac
1250 726 1643 806 potestatem
1690 744 1856 809 esse,
1908 711 2422 809 noum

283 813 348 874 et
404 810 713 893 pleraque
773 809 1020 893 eadem,
1081 831 1245 893 quae
1305 811 1543 894 pridie,
1602 811 1899 894 dixisset,
1961 815 2027 877 et
2085 814 2297 896 primo

284 899 524 989 SQm
571 919 646 962 ac
689 919 840 980 pars
885 897 1143 962 reddere
1188 899 1430 982 claves,
1490 898 1637 963 dein
1682 899 1814 963 iam
1859 921 1989 964 una
2033 922 2188 966 voce
2233 902 2299 966 id

285 1007 507 1052 omnes
535 985 833 1050 iuberent
864 986 1317 1069 cunctantique
1349 990 1415 1052 et
1439 986 1759 1052 differenti
1785 987 2084 1053 ferociter
2111 989 2297 1055 mini·

283 1076 576 1138 tarentur
602 1095 718 1139 nec
744 1074 1113 1139 viderentur
1140 1076 1312 1139 ultra
1338 1075 1470 1140 vim
1497 1076 1797 1141 ultimam
1838 1076 2131 1160 dilaturi,
2158 1082 2298 1143 tum

283 1161 646 1244 praefectus
692 1165 851 1247 toga
889 1163 1174 1247 signum,
1219 1166 1294 1242 ut
1331 1167 1739 1248 convenerat,
1785 1152 2295 1250 dedffi'milites-
2335 1178 2368 1225 4

286 1272 406 1333 que
450 1250 683 1314 intenti
731 1250 968 1314 dudum
1027 1271 1102 1314 ac
1147 1251 1362 1333 parati
1411 1252 1525 1315 alii
1571 1273 1843 1341 superne
1887 1255 1958 1318 in
2005 1276 2299 1320 aversam

285 1338 650 1404 contionem
664 1337 985 1403 ‘'claiffiife
1039 1339 1293 1403 sublato
1351 1339 1723 1424 decurrunt,
1781 1341 1894 1405 alii
1949 1342 2029 1406 ad
2090 1344 2298 1407 exitus

284 1426 528 1491 theatri
574 1426 848 1491 conferti
886 1427 1230 1491 obsistunt.
1295 1426 1646 1505 caeduntur
1684 1427 2059 1493 Hennenses
2108 1451 2300 1495 cavea
2338 1443 2369 1490 5

284 1514 522 1578 inclusi
582 1517 1162 1598 coacervanturque
1218 1535 1353 1580 non
1412 1515 1601 1580 caede
1662 1517 1870 1580 solum
1930 1517 2041 1581 sed
2101 1518 2300 1581 etiam

285 1601 471 1685 fuga,
517 1623 661 1666 cum
707 1602 824 1666 alii
870 1599 1061 1685 super
1117 1603 1393 1668 aliorum
1450 1603 1664 1687 capita
1716 1607 2003 1691 ruerent,
2059 1605 2300 1689 integri

288 1689 549 1774 sauciis,
609 1690 740 1755 vivi
798 1691 1069 1755 mortuis
1136 1691 1492 1756 incidentes
1558 1693 2052 1757 cumularentur.
2155 1693 2300 1757 inde
2340 1708 2370 1755 6

286 1779 527 1861 passim
585 1777 967 1842 discurritur
1021 1782 1088 1843 et
1141 1779 1320 1844 urbis
1380 1782 1605 1863 captae
1662 1779 1853 1845 modo
1909 1779 2188 1865 fugaque
2236 1785 2303 1845 et

289 1846 512 1931 caedes
556 1866 774 1930 omnia
816 1871 997 1931 tenet
1022 1866 1232 1931 nihilo
1261 1867 1626 1933 remissiore
1660 1868 1943 1933 militum
1970 1868 2094 1953 ira,
2133 1869 2302 1953 quod

285 1955 546 2019 turbam
582 1955 891 2020 inermem
931 1945 1316 2040 caedebant,
1365 1978 1557 2041 quam
1597 1958 1652 2021 si
1690 1958 2045 2040 periculum
2083 1979 2201 2041 par
2239 1961 2305 2023 et

288 2042 481 2108 ardor
535 2042 903 2107 certaminis
961 2064 1070 2108 eos
1125 2043 1440 2109 inritaret.
1529 2044 1624 2108 ita
1672 2044 1905 2108 Henna
1960 2048 2073 2109 aut
2126 2047 2300 2110 malo
2342 2059 2371 2107 7

288 2133 402 2195 aut
444 2131 807 2195 necessario
852 2130 1139 2195 facinore
1183 2135 1454 2197 retenta.
1812 2174 1820 2181 -

464 2216 811 2283 Marcellus
846 2239 966 2283 nec
1000 2218 1242 2283 factum
1279 2220 1652 2304 inprobavit
1689 2223 1755 2284 et
1790 2218 2093 2303 praedam
2129 2219 2301 2285 Hen-

286 2306 585 2371 nensium
632 2306 952 2371 militibus
1000 2307 1320 2372 concessit
1363 2312 1545 2373 ratus
1590 2308 1823 2373 timore
1871 2307 2214 2374 deterritos
2260 2330 2304 2376 a

284 2394 764 2479 proditionibus
818 2395 1287 2479 praesidiorum
1334 2392 1602 2461 Siculos
1693 2400 1885 2482 atque
1942 2418 2019 2462 ea
2073 2397 2301 2481 clades,
2339 2411 2370 2460 8

285 2485 360 2546 ut
411 2483 592 2547 urbis
647 2483 716 2547 in
769 2483 983 2547 media
1030 2481 1254 2548 Sicilia
1308 2484 1471 2548 sitae
1527 2485 1864 2569 claraeque
1917 2486 2021 2549 vel
2079 2487 2161 2551 ob
2207 2486 2302 2550 in-

289 2570 538 2653 signem
567 2571 964 2636 munimento
994 2571 1281 2636 naturali
1305 2572 1518 2637 locum
1546 2573 1651 2637 vel
1692 2572 1775 2637 ob
1807 2576 2059 2637 sacrata
2088 2575 2303 2638 omnia

287 2657 584 2742 vestigiis
631 2661 854 2740 raptae
902 2658 1221 2742 quondam
1266 2658 1711 2743 Proserpinae,
1766 2680 1968 2744 prope
2026 2680 2153 2724 uno
2202 2660 2302 2724 die

289 2766 543 2812 omnem
589 2741 877 2816 Siciliam
923 2747 1222 2828 pervasit.
1314 2751 1381 2811 et
1434 2748 1585 2832 quia
1640 2746 1832 2811 caede
1887 2745 2153 2811 infanda
2205 2768 2299 2811 re·
2340 2760 2372 2809 9

286 2834 522 2898 bantur
557 2855 690 2899 non
726 2834 1064 2899 hominum
1109 2837 1362 2899 tantum
1399 2836 1509 2900 sed
1548 2834 1745 2898 etiam
1784 2834 2049 2898 deorum
2087 2835 2301 2900 sedem

287 2920 598 2986 violatam
644 2944 810 3006 esse,
859 2927 1000 2988 tum
1045 2944 1196 2987 vero
1244 2923 1441 2987 etiam
1488 2923 1597 3005 qui
1646 2925 1795 2987 ante
1835 2922 2013 2988 dubii
2048 2922 2304 2989 fuerant

289 3006 572 3072 defecere
637 3010 719 3075 ad
776 3009 1089 3092 Poenos?
1148 3009 1579 3093 Hippocrates
1637 3010 1784 3076 inde
1843 3010 2303 3096 Murgantiam,
2344 3024 2409 3072 10

155 3085 566 3160 W‘Himilco
613 3095 1047 3184 Agrigentum
1096 3119 1235 3162 sese
1294 3099 1560 3182 recepit,
1616 3120 1761 3164 cum
1819 3100 2010 3164 acciti
2067 3122 2106 3164 a
2158 3122 2303 3183 pro-

234 3241 243 3246 .
288 3183 605 3248 ditoribus
623 3187 1013 3269 nequiquam
1044 3185 1122 3250 ad
1142 3184 1438 3251 Hennam
1465 3188 1814 3253 exercitum
1846 3188 2301 3252 admovissent.

287 3270 634 3336 Marcellus
671 3275 844 3337 retro
872 3273 941 3337 in
968 3273 1317 3339 Leontinos
1354 3272 1523 3338 redit
1548 3274 2000 3357 frumentoque
2030 3277 2096 3338 et
2131 3294 2301 3336 com·
2341 3285 2404 3332 11

285 3359 608 3424 meatibus
639 3360 786 3424 aliis
819 3361 887 3424 in
926 3366 1140 3426 castra
1177 3362 1525 3444 convectis,
1560 3361 1883 3443 praesidio
1923 3361 2173 3424 modico
2211 3360 2302 3425 ibi

244 3471 251 3475 ·
285 3447 513 3512 relicto
545 3448 625 3512 ad
654 3446 1008 3532 Syracusas
1039 3449 1422 3515 obsidendas
1450 3449 1645 3513 venit.
1701 3448 1848 3511 inde
1876 3446 2090 3530 Appio
2116 3445 2300 3513 Clau·
2340 3461 2406 3510 12

285 3534 390 3600 dio
428 3535 703 3601 Romam
752 3536 835 3601 ad
881 3538 1284 3603 consulatum
1317 3535 1664 3622 petendum
1712 3535 1910 3600 misso
1958 3534 2029 3601 Τ.
2069 3534 2302 3613 Quinc-
