2654 3913
633 235 851 290 LIBER
886 234 1081 289 XXVI„
1157 234 1307 289 CAP.
1347 241 1431 289 41.
1470 241 1554 289 42.
1632 236 1702 305 [a.
1744 235 1800 290 c.
1840 235 1968 304 210]
2180 235 2306 299 163

289 405 406 448 vos
443 382 551 447 hic
588 403 733 446 cum
770 380 1148 465 parentibus
1186 380 1348 444 meis
1387 416 1471 427 ——
1509 383 1865 463 aequentur
1901 379 2072 444 enim
2109 379 2309 444 etiam

290 471 533 536 honore
560 469 843 535 nominis
869 506 942 516 —
970 468 1355 533 sustinuisse
1381 453 2067 533 laba‘n‘teiffffitunam
2084 466 2311 551 populi

288 557 596 643 Romani,
640 578 813 622 nunc
860 556 1145 641 eosdem,
1182 577 1327 621 cum
1365 556 1503 622 illie
1539 556 1760 621 omnia
1797 556 2076 621 secunda
2110 557 2309 620 laeta-

290 668 411 731 que
459 650 636 731 sunt,
694 645 928 710 animis
975 644 1286 710 deficere?
1377 666 1582 730 nuper
1636 666 1890 730 quoque
1942 665 2098 728 quae
2151 643 2310 709 acci·
2348 653 2416 702 18

290 736 550 819 derunt,
596 734 844 798 utinam
891 737 1030 797 tam
1077 734 1215 797 sine
1260 753 1404 797 meo
1450 733 1631 798 luctu
1678 754 1874 816 quam
1918 755 1954 794 *
1973 756 2008 794 *
2027 755 2080 797 *.
2143 753 2313 796 nunc

290 824 382 888 dii
424 822 829 887 immortales
884 822 1143 905 imperii
1187 821 1468 886 Romani
1510 821 1838 907 praesides
1847 871 1866 905 ,
1921 821 2032 905 qui
2095 823 2311 886 centu-

290 912 405 976 riis
455 910 781 993 omnibus,
834 913 911 974 ut
963 909 1128 973 mihi
1182 909 1528 995 imperium
1580 910 1877 975 iuberent
1920 908 2093 992 dari,
2135 908 2313 973 fuere

292 1002 613 1081 auctores,
656 998 853 1063 iidem
900 997 1187 1082 auguriis
1225 999 1655 1083 auspiciisque
1702 1001 1768 1063 et
1811 1019 1928 1081 per
1962 1001 2311 1063 nocturnos

292 1089 489 1153 etiam
534 1088 711 1152 visus
752 1086 969 1151 omnia
1013 1088 1185 1151 laeta
1230 1107 1306 1151 ac
1349 1109 1663 1171 prospera
1697 1086 2107 1170 portendunt.
2180 1085 2310 1150 ani-
2352 1095 2416 1142 19

296 1196 433 1241 111118
463 1196 716 1260 quoque
744 1196 952 1259 meus,
988 1176 1308 1240 maximus
1349 1175 1511 1241 mihi
1548 1175 1630 1240 ad
1664 1173 1789 1240 hoc
1826 1178 2081 1259 tempus
2110 1177 2313 1257 vates,

292 1265 620 1348 praesagit
664 1267 960 1328 nostram
996 1263 1385 1347 Hispaniam
1423 1285 1590 1346 esse,
1635 1262 1820 1326 brevi
1867 1265 2122 1327 extorre
2157 1261 2313 1325 hinc

299 1373 488 1418 omne
527 1351 841 1415 Punicum
884 1371 1122 1415 nomen
1157 1350 1364 1415 maria
1406 1354 1738 1432 terrasque
1781 1349 1972 1414 foeda
2007 1349 2164 1434 fuga
2197 1350 2316 1413 im-

299 1441 649 1523 pleturum.
740 1437 913 1521 quod
957 1459 1139 1502 mens
1187 1459 1303 1502 sua
1349 1441 1581 1522 sponte
1626 1436 1900 1520 divinat,
1951 1437 2125 1502 idem
2171 1437 2315 1502 sub·
2353 1448 2421 1496 2ο

297 1528 418 1593 icit
444 1527 613 1591 ratio
642 1525 818 1590 haud
843 1525 1065 1592 fallax.
1136 1527 1356 1591 vexati
1383 1526 1466 1592 ab
1501 1526 1584 1591 iis
1613 1525 1772 1590 socii
1796 1529 2088 1591 nostram
2124 1526 2320 1590 fidem

294 1638 409 1700 per
454 1616 708 1699 legatos
754 1615 1132 1698 implorant,
1182 1617 1313 1680 tres
1360 1615 1550 1679 duces
1599 1613 2069 1698 discordantes,
2114 1636 2315 1698 prope

292 1709 369 1769 ut
414 1704 762 1768 defecerint
808 1702 923 1768 alii
969 1702 1051 1767 ab
1100 1702 1277 1786 aliis,
1321 1703 1644 1767 trifariam
1700 1703 2052 1768 exercitum
2106 1702 2177 1767 in
2223 1702 2315 1766 di-

293 1793 700 1858 versissimas
745 1792 1043 1877 regiones
1086 1791 1470 1857 distraxere:
1517 1792 1738 1856 eadem
1773 1792 1844 1856 in
1879 1790 2032 1856 illos
2069 1791 2317 1876 ingruit
2351 1802 2419 1851 21

295 1882 583 1965 fortuna,
640 1902 804 1965 quae
856 1902 1062 1965 nuper
1115 1901 1236 1946 nos
1283 1880 1559 1965 adflixit3
1613 1902 1767 1945 nam
1822 1883 1887 1945 et
1935 1880 2316 1945 deseruntur

297 1972 381 2035 ab
447 1969 670 2053 sociis,
732 1973 808 2033 ut
869 1970 1049 2052 prius
1115 1970 1196 2033 ab
1262 1968 1607 2035 Celtiberis
1672 1991 1790 2033 nos
1800 2019 1818 2051 ,
1885 1971 1950 2033 et
2013 1968 2318 2033 diduxere

297 2058 643 2140 exercitus,
691 2077 854 2140 quae
898 2058 1073 2140 patri
1117 2060 1479 2141 patruoque
1516 2078 1661 2121 meo
1708 2078 1903 2121 causa
1948 2057 2129 2120 exitii
2172 2055 2317 2120 fuit.

295 2168 414 2212 nee
460 2144 781 2210 discordia
827 2143 1136 2209 intestina
1181 2144 1354 2211 coire
1391 2165 1500 2209 eos
1537 2144 1607 2208 in
1642 2166 1842 2209 unum
1880 2143 2074 2228 sinet,
2111 2164 2318 2226 neque
2354 2157 2421 2205 22

297 2234 539 2319 singuli
592 2232 781 2298 nobis
836 2233 1134 2297 resistere
1187 2236 1514 2317 poterunt.
1613 2253 1729 2298 vos
1787 2231 2006 2316 modo,
2059 2230 2320 2316 milites,

296 2323 512 2389 favete
556 2320 808 2386 nomini
855 2319 1255 2407 Scipionum,
1302 2321 1518 2387 suboli
1562 2321 2028 2405 imperatorum
2073 2324 2318 2385 vestro·

297 2435 441 2477 rum
487 2412 668 2476 velut
712 2410 937 2475 accisis
983 2411 1372 2476 recrescenti
1418 2410 1751 2495 stirpibus.
1816 2410 2020 2495 agite,
2066 2413 2316 2475 veteres
2355 2419 2422 2468 23

300 2502 566 2581 milites,
618 2519 857 2562 novum
904 2500 1253 2564 exercitum
1297 2520 1662 2582 novumque
1717 2498 1944 2562 ducem
1999 2497 2318 2562 traducite

299 2587 646 2669 Hiberum,
680 2585 998 2649 traducite
1035 2586 1105 2649 in
1141 2591 1351 2650 terras
1390 2607 1535 2650 cum
1571 2585 1793 2649 multis
1822 2584 2099 2648 fortibus
2127 2584 2317 2648 factis

302 2690 494 2757 saepe
541 2697 581 2738 a
625 2672 811 2737 vobis
857 2677 1259 2757 peragratas.
1334 2673 1518 2737 brevi
1552 2672 1816 2755 faciam,
1853 2674 1951 2754 ut,
1999 2693 2190 2755 quem
2236 2671 2319 2736 ad
2356 2682 2425 2731 24

300 2762 562 2828 modum
608 2782 780 2826 nunc
824 2760 1162 2825 noscitatis
1219 2760 1289 2824 in
1335 2781 1439 2824 me
1482 2760 1690 2844 patris
1745 2759 2088 2844 patruique
2144 2758 2321 2823 simi-

299 2850 641 2915 litudinem
696 2850 828 2914 oris
884 2849 1227 2932 vultusque
1282 2852 1350 2912 et
1405 2847 1800 2913 lineamenta
1855 2846 2169 2932 corporis,
2223 2848 2319 2912 ita
2356 2857 2426 2907 25

300 2939 573 3024 ingenii,
642 2937 792 3001 fidei
851 2937 1238 3020 virtutisque
1304 2935 1589 3021 effigiem
1646 2936 1832 3001 vobis
1895 2935 2185 3020 reddam,
2247 2940 2322 3001 ut

300 3026 608 3091 revixisse
655 3030 770 3090 aut
812 3028 1111 3091 renatum
1158 3025 1284 3090 sibi
1331 3027 1601 3110 quisque
1639 3023 2006 3108 Scipionem
2047 3024 2321 3109 impera·

300 3120 514 3180 torem
559 3111 797 3179 dicat.'’
1458 3172 1465 3179 .

479 3201 677 3267 XLII.
724 3200 867 3266 Hac
912 3201 1204 3266 oratione
1251 3202 1538 3267 accensis
1585 3203 1869 3266 militum
1916 3202 2179 3284 animis,
2222 3221 2317 3264 re·
2361 3213 2388 3260 1

302 3291 459 3356 licto
504 3291 585 3355 ad
620 3290 1014 3375 praesidium
1051 3288 1339 3374 regionis
1378 3291 1512 3355 eius
1547 3289 1634 3355 M.
1672 3289 1892 3357 Silano
1932 3310 2077 3353 cum
2113 3286 2324 3353 tribus

300 3379 566 3444 milibus
610 3378 906 3463 peditum
952 3382 1020 3443 et
1062 3378 1370 3443 trecentis
1417 3378 1767 3464 equitibus,
1813 3381 2062 3444 ceteras
2103 3397 2324 3443 omnes

302 3468 523 3551 copias
575 3503 653 3515 —
705 3470 891 3532 erant
938 3471 1156 3532 autem
1200 3465 1437 3551 viginti
1484 3469 1764 3552 quinque
1801 3465 1983 3532 milia
2017 3464 2325 3550 peditum,

304 3555 429 3621 duo
479 3555 663 3621 milia
710 3556 1048 3640 quingenti
1094 3556 1344 3639 equites
1391 3592 1477 3601 —-
1524 3556 1842 3623 Hiberum
1887 3554 2160 3621 traiecit.
2232 3553 2324 3618 ibi
2362 3566 2394 3614 2

1790 3666 1849 3713 11
1868 3663 1897 3693 *
