2654 3913
325 190 452 254 174
541 189 761 244 LIBER
802 190 999 243 XXVI.
1058 189 1208 246 CAP.
1241 197 1324 246 51,
1387 192 1462 261 [a.
1491 190 1556 243 U.
1588 208 1641 275 c,
1665 197 1784 246 544,
1845 208 1891 245 a.
1925 193 1982 247 C.
2012 194 2141 263 210]

158 400 162 404 ⁴
249 346 281 395 8
320 335 389 398 in
417 334 680 418 publica
710 329 972 399 officina
998 335 1284 399 inclusis,
1333 335 1460 399 dux
1485 339 1714 400 cuncta
1736 336 1882 419 pari
1906 357 2060 402 cura
2089 336 2340 401 obibat:

318 425 497 487 nunc‘
546 423 617 486 in
670 424 874 488 classe
930 443 1020 505 ac,
1048 423 1266 488 navali
1324 426 1494 507 erat,
1550 444 1719 488 nunc
1774 443 1918 488 cum
1974 424 2341 507 legionibus

321 511 729 592 decurrebat,
783 533 953 576 nunc
1014 512 1315 594 operibus
1373 511 1756 594 aspiciendis
1811 516 2066 596 tempus
2125 512 2342 596 dabat,

321 619 612 682 quaeque
658 600 725 662 in
771 599 1047 664 officinis
1095 619 1385 683 quaeque
1441 598 1513 663 in
1559 601 2059 664 armamentario
2109 619 2184 664 ac
2229 621 2341 664 na-

317 687 569 750 valibus
614 686 946 760 fabrorum
1007 687 1355 751 multitudo
1402 687 1705 770 pluruma
1749 683 1821 751 in
1864 688 2153 773 singulos
2203 686 2339 751 dies

248 787 280 834 9
321 774 670 839 certamine
715 774 965 858 ingenti
1009 775 1310 840 faciebat.
1400 775 1502 839 his
1548 776 1645 839 ita
1689 774 2012 841 incohatis
2057 775 2341 840 refectis-

320 884 462 946 que,
501 884 664 946 quae
702 866 1008 946 quassata
1047 869 1233 928 erant
1268 863 1466 946 muri,
1503 863 1963 947 dispositisque
2000 862 2338 946 praesidiis

217 962 281 1009 10
322 950 402 1013 ad
439 951 797 1015 custodiam
829 951 1008 1016 urbis
1037 950 1470 1015 Tarraconem
1509 956 1609 1016 est
1641 952 1998 1037 profectuS,
2038 974 2078 1016 a
2113 951 2338 1037 multis

318 1038 758 1121 legationibus
805 1040 1104 1121 protinus
1150 1041 1219 1102 in
1265 1040 1374 1104 via
1420 1039 1668 1123 aditus,
1707 1062 1864 1124 quas
1910 1040 2148 1123 partim
2187 1040 2338 1104 dato

318 1146 628 1208 responso
687 1147 764 1189 ex
819 1127 1049 1191 itinere
1105 1126 1380 1210 dimisit,
1432 1127 1675 1210 partim
1731 1127 1983 1192 distulit
2034 1127 2340 1192 Tarraco-

317 1234 494 1296 nem,
541 1235 666 1296 quo
724 1216 1021 1279 omnibus
1067 1217 1254 1280 novis
1301 1216 1753 1299 veteribusque
1808 1215 2000 1279 sociis
2049 1215 2339 1279 edixerat

321 1305 724 1367 conventum.
815 1307 881 1368 et
927 1304 1140 1368 cuncti
1187 1303 1321 1369 fere
1378 1303 1490 1387 qui
1544 1302 1634 1368 cis
1682 1301 2000 1368 Hiberum
2043 1302 2336 1368 incolunt

318 1388 568 1473 populi,
613 1391 805 1455 multi
850 1390 1048 1457 etiam
1093 1391 1421 1456 ulterioris
1467 1392 1838 1474 provinciae
1885 1395 2335 1456 convenerunt.
2373 1389 2379 1392 ’
2436 1380 2444 1390 ’

216 1490 277 1538 11
320 1475 953 1562 Carthaginiensium
1027 1479 1217 1544 duces
1280 1480 1493 1564 primo
1560 1500 1636 1543 ex
1707 1480 2026 1544 industria
2097 1479 2338 1543 famam

321 1570 547 1649 captae
603 1564 1017 1651 Carthaginis
1073 1571 1596 1652 conpresserunt3
1658 1566 1911 1649 deinde,
1968 1570 2044 1631 ut
2104 1568 2339 1631 clarior

319 1675 422 1717 res
471 1658 636 1737 erat,
691 1676 884 1737 quam
931 1658 1006 1718 ut
1057 1656 1193 1738 tegi
1250 1676 1324 1718 ac
1380 1655 1775 1719 dissimulari
1827 1655 2077 1739 possiet,
2132 1655 2339 1719 eleva-

219 1754 282 1801 12
320 1742 482 1806 bant
524 1742 768 1807 verbis:
812 1741 1197 1825 necopinato
1248 1742 1525 1807 adventu
1573 1764 1647 1807 ac
1682 1764 1886 1826 prope
1920 1742 2098 1807 furto
2144 1742 2338 1807 unius

323 1829 449 1892 diei
511 1830 737 1892 urbem
799 1851 993 1893 unam
1058 1828 1417 1912 Hispaniae
1484 1830 1937 1914 interceptam,
2002 1830 2181 1894 cuius
2243 1830 2337 1894 rei

317 1920 454 1981 tam
511 1938 749 2001 parvae
794 1917 1079 2001 praemio
1137 1918 1382 1983 elatum
1438 1917 1827 1984 insolentem
1884 1917 2186 1984 iuvenem
2241 1918 2336 1982 in-

319 2006 571 2070 modico
623 2006 859 2090 gaudio
910 2007 1188 2090 speciem
1241 2027 1516 2091 magnae
1561 2007 1872 2072 victoriae
1925 2007 2337 2090 imposuisse3

217 2106 282 2154 13
322 2097 392 2158 at
427 2094 538 2158 ubi
589 2095 1103 2178 adpropinquare
1138 2100 1274 2160 tres
1313 2096 1531 2178 duceS,
1565 2099 1698 2160 tres
1734 2097 2011 2161 victores
2048 2095 2336 2173 hostium

322 2184 637 2246 exercitus
685 2184 995 2268 audisset,
1041 2204 1452 2249 occursuram
1498 2183 1559 2248 ei
1594 2186 1919 2268 extemplo
1958 2184 2337 2248 domestico-

219 2282 282 2330 14
320 2291 462 2334 rum
517 2270 816 2335 funerum
872 2273 1267 2336 memoriam.
1366 2271 1527 2336 haec
1580 2272 1650 2335 in
1703 2273 1935 2355 vulgus
1987 2271 2336 2351 iactabant,

318 2355 814 2438 haudquaquam
844 2357 972 2440 ipsi
997 2359 1226 2442 ignari,
1255 2363 1566 2440 quantum
1596 2357 1721 2422 sibi
1750 2359 1832 2423 ad
1860 2358 2078 2424 omnia
2101 2357 2337 2421 virium

260 2470 263 2471 ⁷
319 2442 714 2531 Carthagine
760 2446 1002 2510 amissa
1045 2446 1452 2512 decessisset·
2084 2482 2089 2488 ·
