2654 3913
392 208 514 289 84,
756 206 977 261 LIBER
1013 206 1183 261 XXV.
1259 207 1413 262 CAP.
1453 213 1537 260 22.
1614 206 1688 275 [a.
1727 205 1792 260 U.
1834 224 1879 260 c.
1918 207 2048 277 542]

390 349 734 416 mandatus
793 354 961 433 erat,
1017 350 1197 434 isque
1243 371 1361 432 per
1404 348 1546 413 fora
1590 348 2146 432 conciliabulaque
2193 348 2407 431 edixit,

394 443 465 505 ut
521 440 908 522 conquisitio
963 437 1270 502 volonum
1324 436 1510 501 fieret
1562 436 1735 519 iique
1790 436 1871 500 ad
1917 436 2107 520 signa
2151 436 2407 501 reduce-

394 531 636 592 rentur.
726 528 885 591 haec
933 524 1151 590 omnia
1194 523 1638 589 intentissima
1683 545 1837 588 cura
1882 527 2045 589 acta.

324 628 356 675 5
570 616 694 699 Ap.
732 613 1036 680 Claudius
1082 612 1306 676 consul
1345 610 1422 675 D.
1458 611 1646 676 Iunio
1688 611 1770 677 ad
1807 613 2041 677 ostium
2078 610 2407 694 Vulturni,

394 703 479 768 M.
520 703 781 768 Aurelio
822 700 1019 766 Cotta
1053 700 1343 765 Puteolis
1390 700 1782 786 praeposit0,
1827 700 1955 784 qui,
1999 703 2074 765 ut
2118 721 2406 783 quaeque

395 812 590 857 naves
647 811 726 854 ex
769 789 1036 854 Etruria
1089 809 1164 853 ac
1221 786 1523 854 Sardinia
1577 789 2027 870 accessissent,
2080 788 2405 871 extemplo

324 891 355 938 6
393 879 461 941 in
518 881 731 941 castra
786 876 1119 940 mitterent
1172 876 1594 959 frumentum,
1648 876 1789 961 ipse
1846 877 1926 942 ad
1973 875 2256 960 Capuam
2312 896 2407 940 re·

394 985 653 1049 gressus
710 963 784 1038 Q.
829 962 1126 1026 Fulvium
1180 964 1497 1047 collegam
1551 966 1802 1029 invenit
1848 963 2134 1030 Casilino
2193 965 2407 1029 omnia

392 1053 842 1136 deportantem
888 1051 1388 1135 molientemque
1435 1051 1515 1117 ad
1564 1053 2062 1136 oppugnandam
2102 1052 2407 1136 Capuam.

322 1153 352 1199 7
391 1144 530 1205 tum
588 1140 779 1205 ambo
835 1139 1384 1204 circumsederunt
1428 1140 1654 1204 urbem
1701 1144 1768 1205 et
1811 1138 2157 1205 Claudium
2201 1138 2266 1204 N
2270 1162 2405 1206 ero-

391 1249 541 1293 nem
613 1232 979 1311 praetorem
1053 1228 1134 1292 ab
1202 1226 1507 1293 Suessula
1580 1250 1659 1292 ex
1722 1226 2095 1292 Claudianis
2171 1229 2405 1293 castris

322 1328 354 1377 8
394 1317 779 1382 exciverunt.
851 1316 909 1380 is
958 1337 1210 1400 quoque
1255 1315 1508 1381 modico
1555 1315 1651 1380 ibi
1693 1315 2017 1399 praesidio
2067 1315 2148 1380 ad
2183 1320 2405 1380 tenen·

394 1405 544 1469 dum
593 1406 806 1470 locum
851 1404 1079 1469 relicto
1126 1405 1354 1469 ceteris
1404 1405 1702 1470 omnibus
1748 1403 1950 1487 copiis
1999 1403 2080 1468 ad
2118 1403 2404 1488 Capuam

393 1493 738 1559 descendit.
836 1492 933 1557 ita
995 1492 1127 1557 tria
1187 1494 1518 1576 praetoria
1581 1493 1750 1557 circa
1813 1490 2101 1575 Capuam
2166 1496 2405 1574 erecta3

391 1587 527 1647 tres
596 1581 912 1646 exercitus
976 1580 1247 1646 diversis
1312 1581 1609 1664 partibus
1665 1603 1826 1665 opus
1884 1581 2177 1664 adgressi
2231 1580 2406 1646 fossa

393 1669 697 1750 valloque
742 1666 1135 1731 circumdare
1181 1668 1408 1733 urbem
1445 1672 1683 1750 parant
1719 1670 1783 1731 et
1819 1669 2084 1732 castella
2122 1669 2407 1732 excitant

391 1754 661 1819 modicis
715 1753 1073 1818 intervallis
1127 1753 1475 1836 multisque
1532 1754 1724 1818 simul
1778 1754 1938 1818 locis
1997 1775 2141 1819 cum
2187 1755 2401 1837 prohi-

320 1853 353 1901 9
390 1841 692 1906 bentibus
714 1861 909 1923 opera
923 1838 1270 1923 Campanis
1292 1862 1367 1905 eo
1390 1845 1621 1906 eventu
1641 1844 1954 1925 pugnant,
1981 1845 2056 1905 ut
2072 1846 2402 1926 postremo

307 1941 370 1990 ιο
390 1929 599 2015 portis
636 1949 947 2014 muroque
985 1948 1054 1993 se
1092 1928 1454 1994 contineret
1490 1926 1875 2015 Campanus.
1947 1930 2128 2016 prius
2164 1934 2402 2013 tamen,

392 2040 585 2105 quam
638 2019 800 2085 haec
846 2018 1375 2084 continuarentur
1419 2040 1642 2104 opera,
1695 2019 1901 2105 legati
1948 2019 2031 2084 ad
2076 2019 2404 2085 Hanniba·

389 2110 519 2174 lem
546 2109 775 2192 missi,
829 2107 940 2191 qui
994 2110 1412 2192 quererentur
1466 2108 1787 2173 desertam
1841 2107 1923 2172 ab
1981 2130 2056 2174 eo
2116 2107 2402 2192 Capuam

391 2218 676 2346 }31AEf2‘1'p
681 2195 1078 2364 Zpssffidissssff
1114 2194 2225 2347 {iffifflsssssssoeffissnffiqueeffi2¹ss
2249 2200 2404 2346 '⁵:330

305 2378 367 2426 11
393 2368 798 2432 cumvallatis
851 2367 1068 2438 ferret.
1158 2368 1527 2433 consulibus
1580 2369 1834 2433 litterae
1891 2391 1930 2432 a
1984 2368 2051 2433 P.
2100 2367 2400 2434 Cornelio

389 2458 687 2540 praetore
752 2455 1180 2539 missaefflut,
1242 2455 1621 2539 priusquam
1684 2455 2057 2523 clauderent
2115 2454 2402 2541 Capuam

391 2543 711 2628 operibus,
745 2539 1140 2628 potestatem
1173 2541 1524 2627 Campanis
1560 2544 1869 2630 facerent,
1904 2549 1997 2631 ut,
2034 2546 2145 2631 qui
2181 2568 2402 2613 eorum

390 2633 649 2716 vellent,
688 2627 1003 2697 exirent-a
1032 2631 1254 2716 Capua
1289 2654 1564 2718 suasque
1592 2655 1695 2699 res
1725 2656 1941 2700 secum
1968 2635 2116 2699 inde
2144 2635 2402 2700 ferrent.

306 2731 367 2780 12
392 2722 629 2786 liberos
687 2720 825 2787 fore
886 2742 1124 2805 suaque
1187 2722 1408 2787 omnia
1459 2722 1827 2807 habituros,
1888 2724 1999 2806 qui
2054 2727 2202 2787 ante
2255 2722 2399 2786 idus

392 2809 662 2875 Martia-s
709 2811 1017 2893 exissent3
1062 2814 1215 2891 post
1258 2831 1400 2874 eam
1447 2810 1617 2875 diem
1662 2813 1898 2894 quique
1944 2810 2227 2873 exissent
2264 2812 2399 2894 qui-

308 2908 373 2955 13
397 2918 517 2979 que
563 2896 655 2960 ibi
700 2897 1107 2980 mansissent,
1152 2897 1441 2962 hostium
1487 2897 1741 2962 futuros
1786 2917 2071 2961 numer0.
2145 2918 2221 2963 ea
2257 2919 2402 2982 pro·

390 2983 691 3048 nuntiata
744 2981 1088 3066 Campanis
1143 2987 1338 3066 atque
1393 2985 1490 3049 ita
1546 2987 1792 3068 spreta,
1845 2987 1921 3048 ut
1962 2985 2134 3051 ultro
2183 2991 2399 3053 contu·

306 3081 371 3129 14
396 3070 620 3135 melias
657 3069 944 3134 dicerent
978 3071 1520 3155 minarenturque.
1592 3070 1922 3136 Hannibal
1951 3073 2032 3138 ab
2060 3073 2399 3141 Herdonea

390 3158 740 3223 Tarentum
794 3157 1063 3223 duxerat
1115 3158 1404 3244 legiones
1452 3181 1566 3243 spe
1613 3163 1727 3225 aut
1770 3160 1836 3225 vi
1881 3165 1996 3226 aut
2038 3162 2187 3229 dolo
2235 3164 2399 3229 arcis

392 3246 777 3312 Tarentinae
829 3246 1209 3330 potiundae3
1265 3246 1434 3331 quod
1489 3248 1603 3313 ubi
1657 3270 1888 3333 parum
1932 3250 2272 3334 processit,
2318 3250 2399 3314 ad

306 3348 371 3394 15
392 3334 809 3401 Brundisium
869 3335 1050 3400 flexit
1107 3336 1230 3399 iter
1286 3335 1475 3419 prodi
1532 3337 1599 3402 id
1659 3337 1966 3423 oppidum
2019 3342 2218 3404 ratus.
2307 3337 2401 3401 ibi

390 3444 643 3506 quoque
700 3444 844 3489 cum
897 3423 1139 3490 frustra
1190 3427 1431 3490 tereret
1482 3428 1767 3510 tempus,
1827 3426 2032 3509 legati
2084 3424 2398 3509 Campani

390 3509 471 3571 ad
518 3531 665 3574 eum
711 3517 1026 3577 venerunt
1071 3516 1410 3597 querentes
1458 3514 1649 3580 simul
1696 3517 2094 3596 orantesque.
2168 3514 2400 3596 quibus
