2654 3913
371 213 499 277 132
660 211 875 266 LIBER
910 211 1105 265 XXVI.
1180 211 1331 266 CAP.
1373 218 1453 266 16.
1497 218 1578 265 17.
1654 212 1726 281 [a.
1766 210 1831 265 U.
1872 228 1916 265 c.
1956 212 2085 282 543]

265 370 330 418 13
367 347 862 442 ingemuissent3
919 355 1235 421 confessio
1283 376 1588 438 expressa
1633 354 1836 435 hosti,
1882 359 2125 438 quanta
2170 356 2268 420 vis
2316 355 2385 419 in

367 445 679 510 Romanis
726 444 822 509 ad
853 444 1242 528 expetendas
1279 465 1523 527 poenas
1563 444 1646 507 ab
1682 442 2048 507 infidelibus
2088 444 2282 508 sociis
2321 450 2388 507 et

324 533 887 687 qliligffiorsulgsseiffi
931 531 1303 598 Hannibale
1351 532 1551 596 auxili
1608 531 1689 595 ad
1737 533 2030 614 receptos
2077 532 2146 595 in
2192 531 2386 595 fidem

160 709 199 714 ”’
244 705 277 712 ”
306 723 334 769 1
547 707 756 774 XVII.
801 707 1078 775 Romani
1124 712 1342 791 patres
1376 707 1730 793 perfuncti,
1772 707 1941 791 quod
1979 708 2055 772 ad
2097 705 2387 790 Capuam

375 798 720 881 attinebat,
785 819 937 862 cura
990 796 1057 862 G.
1111 795 1358 861 Neroni
1422 818 1500 860 ex
1561 795 1644 859 iis
1701 795 1949 861 duabus
2008 795 2389 880 legionibuS,

373 906 532 968 quas
579 884 661 948 ad
701 848 995 967 Capuam
1038 884 1381 967 habuerat,
1438 905 1551 948 sex
1595 884 1778 949 milia
1821 885 2111 970 peditum
2155 887 2221 949 et
2261 886 2389 947 tre-

373 975 593 1036 centos
652 972 927 1055 equiteS,
986 992 1147 1055 quos
1203 971 1344 1054 ipse
1398 971 1694 1055 legisset,
1755 975 1821 1036 et
1875 973 2119 1044 socium
2173 970 2393 1036 Latini

373 1058 654 1124 nominis
681 1059 969 1142 peditum
995 1079 1332 1122 numerum
1358 1080 1582 1142 parem
1613 1062 1679 1122 et
1708 1059 2115 1144 octingentos
2146 1061 2393 1144 equites

304 1160 336 1208 2
376 1147 741 1212 decernunt.
829 1167 974 1211 eum
1031 1146 1380 1211 exercitum
1431 1144 1721 1210 Puteolis
1777 1147 1845 1209 in
1898 1168 2097 1211 naves
2152 1149 2393 1231 inposi-

374 1239 517 1300 tum
560 1234 736 1301 Nero
781 1235 854 1300 in
896 1233 1283 1317 Hispaniam
1325 1234 1819 1317 transportavit.
1891 1255 2036 1297 cum
2084 1233 2395 1299 Tarraco·

377 1346 525 1389 nem
562 1323 837 1390 navibus
873 1323 1159 1388 venisset
1187 1322 1624 1407 expositisque
1661 1322 1754 1387 ibi
1783 1322 1986 1405 copiis
2026 1328 2090 1387 et
2115 1322 2394 1388 navibus

379 1412 711 1478 subductis
760 1413 970 1479 socios
1007 1432 1260 1497 quoque
1298 1411 1548 1476 navalis
1585 1410 2024 1476 multitudinis
2062 1412 2395 1496 augendae

309 1514 342 1562 3
381 1523 574 1567 causa
620 1505 964 1585 armasset,
1017 1501 1344 1585 profectus
1393 1500 1474 1564 ad
1517 1499 1834 1564 Hiberum
1880 1499 2117 1565 fiumen
2162 1501 2396 1565 exerci-

380 1593 521 1655 tum
568 1590 649 1653 ab
697 1589 793 1654 Ti.
820 1588 1090 1654 Fonteio
1138 1592 1204 1652 et
1245 1588 1321 1653 L.
1349 1587 1596 1653 Marcio
1645 1587 1908 1672 accepit.
1989 1588 2136 1652 inde
2181 1589 2399 1672 pergit

310 1688 346 1736 4
383 1677 463 1741 ad
507 1677 718 1741 hostis
763 1677 877 1741 ire.
948 1674 1319 1739 Hasdrubal
1354 1674 1747 1740 Hamilcaris
1786 1677 1868 1739 ad
1897 1673 2180 1760 Lapides
2221 1679 2396 1740 atros

381 1768 596 1828 castra
639 1762 950 1846 habebat3
996 1764 1066 1825 in
1101 1762 1453 1827 Ausetanis
1500 1763 1555 1825 is
1603 1761 1781 1826 locus
1821 1766 1919 1826 est
1943 1761 2130 1825 inter
2162 1755 2400 1845 oppida

381 1850 708 1934 Iliturgim
756 1853 821 1913 et
863 1849 1263 1913 Mentissam.
1338 1849 1529 1913 liuius
1568 1848 1771 1914 saltus
1817 1848 2033 1914 fauces
2079 1847 2257 1914 Nero
2301 1851 2398 1914 in-

311 1952 344 2002 5
380 1938 551 2005 sedit.
624 1937 1020 2023 Hasdrubal,
1063 1959 1202 2004 cum
1235 1937 1306 2002 in
1346 1940 1487 2003 arto
1523 1959 1624 2003 res
1671 1940 1865 2022 esset,
1912 1936 2397 2004 caduceatorem

383 2028 592 2111 misit,
626 2030 736 2115 qui
761 2028 1199 2115 promitteret,
1237 2027 1292 2091 si
1330 2026 1479 2091 inde
1507 2026 1781 2092 emissus
1808 1989 2005 2110 fdret,
2042 2048 2110 2091 se
2139 2049 2399 2092 omnem

314 2132 347 2178 6
386 2118 734 2184 exercitum
781 2140 858 2182 ex
894 2115 1216 2201 Hispania
1250 2116 1757 2199 deportaturum.
1835 2137 2026 2200 quam
2071 2137 2208 2180 rem
2256 2138 2397 2180 cum

383 2208 555 2270 laeto
603 2208 818 2272 animo
854 2205 1185 2269 Romanus
1232 2205 1612 2287 accepisset,
1658 2204 1824 2268 diem
1860 2207 2193 2287 posterum
2231 2203 2398 2269 Has-

386 2293 618 2357 drubal
674 2292 1014 2374 conloquio
1076 2292 1336 2374 petivit,
1398 2296 1472 2354 ut
1524 2311 1740 2354 coram
1796 2290 1973 2372 leges
2038 2292 2398 2356 conscribe·

385 2383 607 2444 rentur
653 2379 730 2443 de
775 2377 1103 2443 tradendis
1150 2377 1405 2441 arcibus
1463 2377 1720 2440 urbium
1765 2376 1991 2460 dieque
2038 2378 2400 2462 statuenda,

387 2468 467 2532 ad
522 2489 716 2552 quam
767 2465 1091 2551 praesidia
1144 2464 1634 2547 deducerentur,
1690 2485 1933 2548 suaque
1989 2466 2206 2531 omnia
2261 2467 2400 2531 sine

319 2569 349 2617 '1
388 2556 607 2621 fraude
663 2554 866 2621 Poeni
924 2552 1353 2637 deportarent.
1453 2553 1625 2638 quod
1678 2553 1791 2618 ubi
1844 2553 2248 2639 impetravit,
2302 2577 2401 2620 ex·

386 2646 632 2730 templo
687 2643 916 2730 primis
970 2642 1255 2708 tenebris
1312 2645 1507 2726 atque
1562 2642 1713 2707 inde
1766 2645 1909 2708 tota
1960 2645 2174 2727 nocte,
2231 2644 2399 2728 quod

390 2734 844 2820 gravissimum
867 2732 1181 2797 exercitus
1201 2735 1356 2814 erat,
1371 2730 1742 2796 Hasdrubal
1761 2752 2158 2816 quacumque
2176 2741 2402 2814 posset

320 2835 352 2884 8
393 2823 659 2888 evadere
693 2843 728 2887 e
762 2821 932 2887 saltu
969 2820 1174 2885 iussit.
1257 2819 1409 2884 data
1446 2819 1666 2884 sedulo
1704 2841 1900 2902 opera
1934 2822 2059 2902 est,
2094 2841 2174 2884 ne
2211 2821 2403 2885 multi

391 2933 470 2976 ea
492 2914 680 2976 nocte
710 2910 972 2993 exirent,
989 2909 1110 2989 ut
1062 2929 1232 2991 ipsa
1259 2907 1552 2989 paucitas
1580 2929 1726 2972 cum
1754 2907 1835 2971 ad
1863 2906 2119 2972 hostem
2141 2908 2400 2973 silentio

390 2997 742 3061 fallendum
789 2996 1004 3079 aptior
1038 2992 1205 3059 tuni
1216 2994 1732 3060 ad‘evadendum
1769 3016 1886 3077 per
1923 2999 2098 3060 artas
2137 2997 2401 3062 semitas

322 3098 468 3149 vac
502 3084 783 3150 difficilis
812 3087 1000 3149 esset.
1062 3086 1327 3147 ventum
1356 3082 1720 3167 insequenti
1749 3083 1852 3147 die
1881 3083 1961 3147 ad
1992 3085 2402 3169 conloquium

394 3176 519 3258 est3
588 3174 699 3238 sed
757 3171 1076 3257 loquendo
1139 3171 1330 3254 plura
1388 3170 1849 3255 scribendoque
1913 3172 2129 3238 dedita
2192 3195 2403 3257 opera,

395 3283 559 3347 quae
601 3262 671 3326 in
715 3283 854 3326 rem
895 3282 1030 3327 non
1074 3263 1314 3342 essent,
1370 3258 1471 3323 die
1517 3264 1897 3345 consumpto
1952 3261 2020 3325 in
2073 3265 2401 3346 posterum

292 3362 357 3410 10
396 3351 668 3416 dilatum
724 3355 843 3416 est.
933 3349 1152 3415 addita
1203 3347 1547 3433 insequens
1599 3370 1729 3413 nox
1782 3349 2066 3432 spatium
2120 3347 2295 3411 dedit
2339 3352 2405 3412 et

198 3493 218 3502 -
290 3448 355 3497 11
397 3438 558 3502 alios
596 3437 948 3503 emittendi.
1016 3458 1136 3502 nec
1169 3440 1432 3520 postero
1471 3436 1575 3501 die
1609 3458 1712 3501 res
1750 3436 1943 3501 finem
1980 3435 2240 3500 invenit.
2310 3436 2406 3501 ita

395 3522 645 3604 aliquot
688 3525 824 3591 dies
872 3524 1289 3610 disceptando
1342 3526 1561 3609 palam
1617 3526 1693 3589 de
1749 3525 2003 3608 legibus
2057 3527 2407 3610 noctesque
