2654 3913
596 208 813 263 LIBER
849 208 1042 262 XXVI.
1118 207 1267 262 CAP.
1309 214 1392 263 38.
1432 215 1516 264 39.
1596 210 1670 280 [a.
1711 207 1768 263 c.
1808 211 1935 279 210]
2153 210 2278 275 157

262 354 573 420 arcessito
632 355 907 437 utroque
966 352 1298 418 Hannibal
1360 373 1505 417 cum
1561 373 1678 435 pro
1733 352 2047 417 tribunali
2095 376 2282 437 quae·
2322 377 2353 425 8

263 444 412 507 dam
479 444 699 525 ageret
761 463 911 506 mox
977 442 1055 506 de
1120 440 1367 506 Blattio
1434 442 1838 524 cogniturus,
1905 445 2282 525 starentque

265 534 587 595 summoto
632 530 875 613 populo
932 532 1268 594 accusator
1324 533 1389 593 et
1440 549 1591 593 reus
1602 578 1620 612 ,
1665 528 1951 594 Blattius
2008 528 2085 594 de
2138 552 2283 613 pro·

265 619 503 684 ditione
531 618 805 683 Dasium
835 618 1224 701 appellabat.
1285 618 1612 682 enimvero
1641 617 1751 681 ille
1780 617 1961 682 velut
1985 618 2053 681 in
2080 619 2281 683 mani·
2322 628 2355 676 9

263 708 433 773 festa
497 728 568 772 re
642 706 963 771 exclamat
1032 707 1151 770 sub
1211 707 1418 771 oculis
1478 705 1869 771 Hannibalis
1931 727 2146 771 secum
2205 705 2282 770 de

263 795 627 881 proditione
675 794 800 879 agi.
874 794 1232 860 Hannibali
1269 798 1460 879 atque
1501 795 1620 878 eis,
1667 795 1779 879 qui
1826 794 2118 878 aderant,
2155 815 2282 878 quo

265 884 571 949 audacior
613 904 716 947 res
764 886 928 966 erat,
982 883 1194 948 minus
1241 882 1477 948 similis
1524 882 1662 948 veri
1705 884 1848 947 visa
1894 887 2021 948 est:
2070 904 2283 947 aemu·
2325 891 2391 940 10

192 997 203 1066 ³,
264 973 580 1037 lationem
622 970 913 1054 profecto
962 975 1157 1056 atque
1196 972 1417 1036 odium
1456 993 1622 1055 esse,
1670 974 1735 1034 et
1779 970 1849 1035 id
1895 971 2138 1037 crimen
2176 970 2283 1035 ad-

265 1060 448 1142 ferri,
504 1058 698 1143 quod,
755 1057 908 1142 quia
959 1061 1194 1125 testem
1246 1060 1487 1125 habere
1533 1081 1664 1125 non
1718 1060 1954 1144 possit,
2015 1060 2285 1124 liberius

265 1148 538 1232 fingenti
584 1147 686 1213 sit.
757 1148 852 1213 ita
897 1147 1047 1212 inde
1096 1148 1352 1213 dimissi
1396 1152 1561 1214 sunt.
1634 1170 1754 1214 nec
1799 1149 2084 1213 Blattius
2133 1152 2285 1212 ante
2325 1158 2390 1205 11

269 1236 527 1301 abstitit
581 1240 718 1301 tam
774 1234 1002 1300 audaci
1058 1237 1343 1320 incepto,
1400 1259 1595 1320 quam
1649 1237 1820 1300 idem
1872 1236 2285 1301 obtundendo

267 1324 706 1407 docendoque,
771 1345 968 1408 quam
1032 1346 1107 1388 ea
1168 1345 1271 1387 res
1327 1324 1490 1405 ipsis
1546 1324 1925 1406 patriaeque
1981 1323 2286 1387 salutaris

267 1416 465 1495 esset,
519 1411 820 1494 pervicit,
883 1413 959 1474 ut
1010 1410 1407 1493 praesidium
1460 1409 1777 1475 Punicum
1832 1445 1916 1455 —
1971 1411 2290 1492 quingenti

269 1505 489 1566 autem
533 1496 854 1563 Numidae
901 1503 1086 1563 erant
1131 1536 1219 1544 —
1265 1496 1656 1582 Salapiaque
1712 1497 2072 1562 traderetur
2118 1497 2288 1562 Mar-

269 1588 454 1654 cello.
543 1607 662 1651 nec
707 1587 845 1650 sine
891 1586 1081 1651 caede
1127 1586 1334 1651 multa
1381 1586 1551 1651 tradi
1596 1586 1831 1670 potuit.
1921 1586 2113 1671 longe
2160 1586 2286 1650 for·
2331 1596 2393 1644 12

269 1676 506 1742 tissimi
562 1674 850 1759 equitum
912 1678 1055 1740 toto
1112 1675 1356 1741 Punico
1424 1675 1708 1739 exercitu
1771 1678 1969 1740 erant.
2069 1675 2288 1760 itaque

270 1784 660 1851 quamquam
724 1763 1056 1847 inprovisa
1110 1785 1213 1828 res
1269 1764 1423 1848 fuit,
1477 1784 1594 1828 nec
1646 1784 1802 1828 usus
1859 1784 2165 1847 equorum
2220 1764 2290 1827 in

269 1855 427 1920 urbe
465 1856 630 1936 erat,
666 1855 885 1924 tamen
927 1852 1125 1918 armis
1161 1853 1332 1919 inter
1369 1852 1721 1917 tumultum
1760 1853 1965 1936 captis
2004 1855 2070 1917 et
2106 1874 2291 1937 erup-

270 1944 518 2008 tionem
536 1944 1018 2025 temptaverunt
1046 1945 1129 2025 et,
1150 1963 1295 2006 cum
1315 1941 1583 2027 evadere
1618 1941 1981 2025 nequirent,
2000 1962 2289 2027 pugnan·
2331 1950 2396 1999 13

271 2035 372 2095 tes
430 2031 512 2094 ad
556 2029 881 2093 ultumum
937 2030 1401 2111 occubuerunt,
1453 2050 1572 2093 nec
1626 2029 1774 2111 plus
1821 2029 2293 2112 quinquaginta

274 2141 353 2184 ex
397 2117 481 2181 iis
529 2117 596 2180 in
641 2119 1034 2199 potestatem
1078 2116 1367 2181 hostium
1421 2116 1556 2180 vivi
1599 2119 1930 2202 venerunt.
2020 2117 2289 2200 plusque
2333 2125 2398 2174 14

276 2207 611 2290 aliquanto
659 2204 876 2269 damni
928 2203 1091 2269 haec
1146 2205 1254 2268 ala
1308 2205 1597 2287 equitum
1651 2203 1891 2268 amissa
1935 2202 2292 2268 Hannibali

274 2316 471 2380 quam
518 2291 780 2377 Salapia
833 2292 983 2376 fuit3
1036 2314 1155 2358 nec
1200 2293 1425 2357 deinde
1479 2313 1784 2376 umquam
1828 2292 2110 2376 Poenus,
2167 2315 2292 2377 quo

274 2384 467 2469 longe
513 2383 868 2465 plurimum
913 2382 1233 2466 valuerat,
1279 2382 1571 2465 equitatu
1618 2381 1911 2464 superior
1958 2380 2098 2445 fuit.

449 2469 746 2535 XXXIX.
792 2469 916 2534 Per
959 2469 1132 2535 idem
1177 2474 1432 2554 tempus
1471 2491 1615 2534 cum
1653 2470 1722 2533 in
1759 2490 1906 2534 arce
1944 2468 2295 2534 Tarentina
2335 2480 2362 2527 1

275 2561 384 2624 vix
430 2558 651 2640 inopia
693 2556 1055 2620 tolerabilis
1104 2563 1302 2640 esset,
1351 2579 1532 2638 spem
1579 2578 1840 2620 omnem
1882 2556 2296 2639 praesidium,

278 2645 450 2731 quod
497 2645 591 2708 ibi
628 2646 787 2727 erat,
829 2643 1195 2709 Romanum
1233 2643 1724 2727 praefectusque
1761 2642 2065 2726 praesidii
2103 2645 2297 2726 atque

279 2734 443 2799 arcis
481 2732 568 2798 M.
595 2731 820 2797 Livius
857 2731 927 2796 in
963 2731 1430 2797 commeatibus
1469 2731 1549 2795 ab
1592 2729 1811 2795 Sicilia
1846 2729 2063 2794 missis
2100 2730 2297 2795 habe-

277 2823 465 2905 bant,
494 2822 605 2905 qui
632 2824 706 2885 ut
732 2823 876 2885 tuto
903 2820 1549 2904 praeterveherentur
1578 2817 2035 2901 oram-Italiae,
2065 2818 2294 2883 classis
2332 2831 2365 2879 2

279 2910 516 2995 viginti
577 2909 780 2973 ferme
841 2909 1104 2973 navium
1159 2907 1350 2992 Regii
1414 2908 1652 2973 stabat.
1740 2910 2038 2991 praeerat
2102 2906 2296 2971 classi
2333 2918 2367 2967 3

280 2997 874 3081 commeatibusque
932 2996 1012 3062 D.
1059 2996 1425 3080 Quinctius,
1480 2995 1753 3062 obscuro
1809 3014 2042 3082 genere
2098 2999 2299 3079 ortuS,

281 3090 563 3152 ceterum
609 3086 830 3150 multis
876 3084 1154 3150 fortibus
1201 3085 1395 3151 factis
1431 3084 1703 3150 militari
1739 3084 1948 3170 gloria
1984 3084 2298 3149 inlustris.

279 3177 490 3260 primo
530 3173 812 3258 quinque
847 3194 1072 3256 naves,
1119 3194 1392 3257 quarum
1428 3174 1748 3238 maximae
1784 3174 1948 3238 duae
1983 3173 2298 3255 triremes,
2335 3183 2368 3230 4

282 3286 321 3328 a
366 3261 676 3327 Marcello
725 3260 785 3327 ei
819 3261 1094 3326 traditae
1134 3264 1377 3345 erant[,
1412 3262 1697 3343 habuit];
1744 3264 1971 3345 postea
2007 3282 2144 3325 rem
2181 3260 2301 3324 im-

282 3352 469 3436 pigre
518 3371 709 3434 saepe
757 3350 1012 3434 gerenti
1057 3354 1191 3415 tres
1238 3350 1495 3415 additae
1545 3350 2063 3434 quinqueremes3
2123 3350 2300 3432 post·
2340 3358 2372 3406 5

283 3461 462 3505 remo
507 3440 649 3524 ipse
696 3460 735 3504 a
780 3438 974 3504 sociis
1014 3437 1411 3522 Reginisque
1458 3443 1524 3503 et
1570 3459 1609 3503 a
1645 3438 1837 3502 Velia
1886 3441 1953 3501 et
1989 3458 2029 3501 a
2065 3435 2300 3501 Paesto

283 3529 536 3594 debitas
593 3550 671 3593 ex
725 3526 980 3592 foedere
1035 3526 1343 3613 exigendo
1404 3527 1674 3591 classem
1731 3524 1966 3610 viginti
2020 3524 2301 3608 navium,
