2654 3913
667 190 882 244 LIBER
916 191 1110 245 XXVI.
1185 191 1337 253 CAP.
1379 198 1426 245 s.
1467 197 1515 245 9.
1591 193 1662 262 [a.
1704 192 1760 246 c.
1800 194 1930 264 211]
2173 193 2294 256 121

274 334 556 399 Romam
583 336 979 400 veniundum
1009 340 1196 400 esset.
1240 335 1366 399 hoc
1393 338 1655 401 senatus
1684 336 1979 400 consulto
2009 334 2298 419 Capuam
2336 348 2368 396 9

280 423 532 505 perlato
580 422 653 498 Q.
697 422 973 488 Fulvius
1019 423 1399 507 proconsul,
1445 424 1572 507 cui,
1619 423 1871 507 collega
1915 445 1993 487 ex
2036 424 2300 487 vulnere

283 531 494 594 aeer,
537 511 1039 595 digrediundum
1074 511 1351 575 Romam
1391 515 1557 595 erat,
1597 533 1632 576 e
1668 511 1876 575 tribus
1916 511 2299 575 exercitibus

281 600 487 663 milite
517 599 750 682 electo,
779 599 862 664 ad
894 598 1261 682 quindecim
1288 599 1471 663 milia
1497 599 1811 682 peditum,
1842 599 2022 662 mille
2052 599 2301 682 equites

280 686 682 752 Vulturnum
718 687 1019 751 traducit.
1088 686 1237 750 inde
1274 708 1420 751 cum
1456 686 1897 752 Hannibalem
1934 686 2168 751 Latina
2193 686 2301 751 via
2341 696 2407 744 10

281 776 522 839 iturum
578 775 739 839 satis
791 774 1241 857 comperisset,
1296 776 1435 857 ipse
1490 796 1605 858 per
1650 774 1905 859 Appiae
1950 775 2303 857 municipia

282 882 573 947 quaeque
620 861 887 946 propter
932 884 1074 926 eam
1119 863 1294 927 viam
1332 866 1513 946 sunt,
1559 860 1830 946 Setiam,
1877 861 2139 947 Coram,
2182 862 2302 927 La-

281 951 529 1014 vinium
567 950 931 1034 praemisit,
968 954 1044 1015 ut
1079 955 1473 1015 commeatus
1508 955 1773 1034 paratos
1816 955 1882 1015 et
1917 952 1987 1015 in
2029 951 2299 1015 urbibus
2342 959 2404 1007 11

279 1038 596 1103 haberent
650 1042 717 1103 et
772 1060 848 1103 ex
897 1039 1072 1123 agris
1120 1038 1320 1103 deviis
1379 1039 1449 1103 in
1493 1039 1668 1103 viam
1713 1039 2079 1123 proferrent
2121 1060 2303 1122 prae·

282 1126 569 1227 sidiaque
615 1126 683 1191 in
727 1127 921 1191 urbes
964 1126 1452 1210 contraherent,
1496 1131 1571 1191 ut
1616 1148 1733 1192 sua
1778 1128 2004 1211 cuique
2041 1148 2143 1192 res
2189 1149 2302 1258 pu-

280 1214 455 1306 blica
499 1215 566 1279 in
610 1237 807 1279 manu
853 1220 1043 1280 esset.

396 1293 949 1368 IX—Hannibal
988 1323 1112 1385 quo
1144 1302 1245 1365 die
1275 1301 1675 1366 Vulturnum
1713 1306 1815 1367 est
1839 1307 2301 1385 transgressuS,
2340 1310 2368 1358 1

280 1390 457 1455 haud
484 1391 712 1474 procul
742 1412 781 1453 a
807 1390 1069 1453 flumine
1100 1393 1315 1452 castra
1342 1391 1584 1471 posuit,
1621 1393 1883 1472 postero
1915 1389 2016 1453 die
2044 1391 2301 1472 praeter
2337 1397 2373 1445 2

283 1476 475 1543 Cales
530 1477 597 1541 in
653 1496 884 1560 agrum
931 1475 1286 1541 Sidicinum
1340 1477 1649 1559 pervenit.
1741 1476 1835 1540 ibi
1883 1476 2053 1540 diem
2104 1497 2300 1540 unum

281 1563 652 1650 populando
717 1566 1007 1652 moratus
1066 1584 1182 1646 per
1238 1560 1630 1627 Suessanum
1684 1564 2173 1647 Allifanumque
2236 1567 2304 1627 et

283 1652 654 1719 Casinatem
701 1648 928 1737 agrum
974 1652 1080 1716 via
1114 1650 1347 1715 Latina
1395 1651 1585 1716 ducit.
1659 1652 1776 1717 sub
1819 1650 2057 1717 Casino
2103 1650 2299 1715 biduo

284 1741 528 1806 stativa
554 1740 779 1805 habita
809 1744 876 1803 et
900 1740 1147 1825 passim
1175 1739 1627 1824 populationes
1655 1740 1883 1806 factae.
1944 1740 2089 1804 inde
2119 1761 2297 1822 prae·
2336 1749 2370 1796 3

283 1834 383 1894 ter
407 1829 852 1894 Interamnam
881 1829 1338 1912 Aquinumque
1374 1828 1444 1891 in
1471 1826 1923 1913 Fregellanum
1965 1848 2191 1912 agrum
2221 1828 2301 1892 ad

283 1916 487 1983 Lirim
531 1918 798 1983 fluvium
844 1921 1137 2000 ventum,
1181 1916 1296 1981 ubi
1341 1916 1714 1983 intercisum
1760 1920 2025 2001 pontem
2072 1940 2111 1982 a
2154 1915 2301 1982 Fre-

286 2007 559 2090 gellanis
614 2004 909 2070 morandi
961 2005 1210 2068 itineris
1267 2025 1463 2069 causa
1517 2005 1783 2070 invenit.
1884 2010 1949 2069 et
2002 2004 2296 2069 Fulvium
2337 2012 2372 2058 4

286 2093 644 2158 Vulturnus
700 2095 996 2156 tenuerat
1059 2091 1269 2155 amnis
1323 2092 1599 2155 navibus
1654 2091 1736 2154 ab
1791 2089 2156 2155 Hannibale
2211 2091 2300 2153 in-

286 2181 492 2246 censis
530 2183 708 2244 rates
746 2180 826 2243 ad
853 2177 1278 2244 traiciendum
1315 2179 1666 2243 exercitum
1703 2179 1772 2243 in
1808 2199 2048 2263 magna
2081 2179 2301 2260 inopia

287 2270 597 2334 materiae
627 2288 818 2352 aegre
847 2271 1347 2351 comparantem.
1420 2267 1694 2333 traiecto
1732 2268 1981 2332 ratibus
2018 2267 2301 2332 exercitu
2338 2274 2371 2323 5

284 2358 551 2424 relicum
604 2357 834 2421 Fulvio
890 2356 1256 2442 expeditum
1308 2356 1434 2420 iter
1486 2377 1619 2421 non
1681 2377 1797 2440 per
1852 2356 2043 2421 urbes
2109 2355 2299 2421 modo

288 2446 399 2512 sed
456 2447 628 2510 circa
681 2446 855 2510 viam
910 2444 1219 2529 expositis
1281 2444 1561 2528 benigne
1625 2445 2089 2509 commeatibus
2144 2446 2303 2526 erat,

289 2533 659 2615 alacresque
706 2533 947 2596 milites
987 2533 1152 2596 alius
1190 2532 1417 2614 alium,
1453 2536 1528 2595 ut
1565 2532 1829 2596 adderet
1864 2533 2136 2615 gradum
2172 2554 2302 2594 me-

292 2642 433 2685 mor
461 2619 543 2683 ad
574 2618 1031 2683 defendendam
1060 2620 1142 2682 iri
1171 2619 1481 2701 patriam,
1517 2618 1966 2683 hortabantur.
2028 2618 2301 2682 Romam
2340 2627 2374 2674 6

288 2708 710 2792 Fregellanus
748 2706 1013 2770 nuntius
1053 2705 1642 2787 diemnoctemque
1669 2706 1899 2769 itinere
1927 2706 2301 2771 continuato

289 2797 622 2880 ingentem
680 2794 907 2859 attulit
959 2796 1296 2874 terrorem3
1356 2792 1818 2856 tumultuosius
1827 2841 1847 2875 ,
1900 2814 2093 2876 quam
2147 2795 2309 2875 quod

291 2885 559 2948 allatum
617 2885 790 2966 erat,
837 2902 1172 2947 concursus
1226 2881 1561 2944 hominum
1617 2880 2081 2965 adfingentium
2138 2903 2305 2945 vana
2359 2902 2364 2933 ’-

291 2972 527 3036 auditis
574 2975 783 3036 totam
821 2972 1048 3035 urbem
1086 2970 1390 3034 concitat.
1464 2970 1758 3053 ploratus
1794 2969 2137 3034 mulierum
2173 2990 2305 3033 non
2344 2976 2375 3026 '1

292 3081 370 3124 ex
415 3059 688 3143 privatis
735 3060 944 3124 solum
988 3057 1285 3122 domibus
1333 3057 1822 3139 exaudiebatur,
1869 3057 1980 3122 sed
2024 3058 2304 3142 undique

290 3153 627 3212 matronae
673 3148 745 3210 in
786 3147 1117 3230 publicum
1165 3146 1402 3210 effusae
1449 3146 1616 3210 circa
1652 3146 1840 3210 deum
1878 3145 2146 3211 delubra
2181 3146 2307 3209 dis-

291 3238 582 3318 currunt,
629 3235 913 3299 crinibus
959 3234 1172 3318 passis
1216 3255 1363 3298 aras
1400 3238 1757 3316 verrentes,
1790 3234 1980 3298 nixae
2019 3233 2352 3318 genibusf

291 3325 554 3408 supinas
600 3342 829 3386 manus
878 3323 959 3386 ad
1004 3323 1252 3386 caelum
1309 3342 1385 3386 ac
1438 3321 1593 3386 deos
1639 3321 1975 3385 tendentes
2022 3324 2306 3385 orantes·
2343 3331 2377 3381 8

292 3434 441 3496 que,
479 3415 553 3476 ut
589 3410 817 3476 urbem
852 3408 1212 3474 Romanam
1249 3431 1284 3472 e
1319 3409 1620 3473 manibus
1656 3408 1945 3473 hostium
1988 3409 2308 3492 eriperent

294 3507 660 3584 matresque
705 3496 1032 3562 Romanas
1089 3502 1155 3562 et
1209 3496 1449 3562 liberos
1504 3518 1738 3580 parvos
1785 3496 2135 3561 inviolatos
2182 3518 2307 3560 ser-
