2654 3913
390 176 519 240 160
732 175 945 229 LIBER
980 175 1173 229 XXVI.
1251 174 1403 229 CAP.
1445 180 1529 229 40.
1609 175 1683 246 [a.
1722 174 1786 228 U.
1826 192 1871 228 c.
1912 176 2039 246 544]

318 329 352 377 5
390 319 503 384 ubi
555 319 780 403 vellet,
832 318 1161 402 prohiberi
1214 321 1492 402 poterat.
1582 318 1741 382 haec
1795 319 1932 384 eius
1990 319 2199 403 gloria
2254 319 2407 403 quia

385 408 521 472 iam
564 407 977 491 imperatoris
1023 429 1276 492 quoque
1313 407 1527 471 famae
1565 406 1921 490 officiebat,
1966 411 2297 490 postremo
2336 408 2405 471 in

386 496 696 561 invidiam
750 497 976 579 vertit,
1041 499 1118 560 ut
1167 517 1249 560 ne
1304 496 1467 559 bene
1524 500 1749 578 gestae
1804 494 2060 579 quidem
2112 517 2218 560 res
2272 495 2404 560 iam

316 595 348 643 6
386 584 691 650 Hannoni
733 589 1002 668 propter
1048 588 1378 649 auctorem
1435 585 1595 649 satis
1650 584 1863 649 laetae
1909 586 2139 648 essent.
2229 590 2405 667 post-

386 695 564 739 remo
610 673 1084 757 praefecturam
1131 673 1268 737 eius
1306 671 1442 736 filio
1482 694 1598 737 suo
1638 672 1839 758 dedit,
1884 675 2065 738 ratus
2104 694 2249 737 cum
2285 672 2405 737 im·

385 763 567 845 perio
595 763 1050 827 auctoritatem
1079 782 1331 845 quoque
1370 760 1431 825 ei
1466 760 1635 825 inter
1660 760 1980 826 Numidas
2018 765 2407 844 erepturum„

317 859 348 906 ⁷
387 849 558 932 quod
611 850 806 934 longe
862 850 1056 913 aliter
1103 849 1341 914 evenit:
1394 870 1548 913 nam
1603 852 1888 914 veterem
1934 850 2223 914 favorem
2270 850 2406 913 eius

385 957 502 1000 sua
546 935 811 1018 insuper
854 936 1094 1000 invidia
1139 936 1347 1019 auxit,
1390 957 1598 1019 neque
1645 938 1759 1001 ille
1804 938 2266 1022 indignitatem
2308 936 2406 1001 in-

382 1024 586 1088 iuriae
639 1023 794 1087 tulit
848 1023 1312 1106 confestimque
1370 1022 1451 1087 ad
1497 1022 1851 1089 Laevinum
1912 1026 2201 1091 occultos
2245 1046 2410 1090 nun-

313 1119 347 1167 8
384 1111 511 1175 tios
540 1110 721 1175 misit
756 1110 834 1176 de
862 1111 1171 1175 tradendo
1202 1111 1583 1195 Agrigento,
1658 1131 1775 1193 per
1804 1132 1964 1194 quos
2000 1117 2075 1177 ut
2105 1117 2206 1177 est
2234 1114 2412 1178 faeta

383 1198 543 1264 fides
599 1199 1118 1284 compositusque
1172 1199 1266 1263 rei
1321 1199 1635 1284 gerendae
1689 1199 1945 1283 modus,
1999 1204 2258 1284 portam
2324 1202 2410 1265 ad

313 1354 317 1358 .
387 1309 566 1353 mare
610 1288 924 1354 ferentem
967 1287 1287 1352 Numidae
1348 1309 1496 1352 cum
1542 1292 1962 1371 occupassent
2004 1287 2212 1372 pulsis
2257 1288 2409 1352 inde

388 1377 762 1443 custodibus
820 1381 934 1442 aut
988 1378 1217 1461 caesis,
1274 1374 1604 1442 Romanos
1661 1377 1743 1441 ad
1787 1377 1857 1442 id
1907 1377 2124 1460 ipsum
2170 1377 2410 1443 missos

319 1474 352 1521 9
391 1466 461 1529 111
517 1467 746 1531 urbem
802 1469 1203 1548 acceperunt.
1293 1468 1361 1530 et
1407 1487 1551 1530 cum
1598 1464 1858 1550 agmine
1903 1466 2036 1530 iam
2082 1466 2152 1529 in
2199 1466 2411 1530 media

388 1553 567 1619 urbis
623 1576 698 1618 ac
751 1554 963 1619 forum
1018 1574 1255 1638 magno
1315 1554 1601 1618 tumultu
1653 1554 1883 1638 iretur,
1936 1558 2119 1619 ratus
2174 1553 2409 1618 Hanno

387 1663 519 1706 non
565 1642 741 1707 aliud
788 1664 982 1726 quam
1027 1643 1384 1707 tumultum
1422 1663 1497 1706 ac
1531 1643 1986 1725 secessionem,
2030 1642 2097 1706 id
2135 1643 2308 1727 quod
2346 1646 2412 1706 et

388 1734 539 1793 ante
605 1730 954 1812 acciderat,
1018 1728 1449 1793 Numidarum
1513 1750 1653 1793 esse
1727 1729 1808 1792 ad
1882 1730 2409 1811 conprimendam

284 1823 350 1872 10
388 1816 770 1881 seditionem
798 1817 1130 1900 processit.
1179 1820 1371 1900 atque
1400 1816 1531 1900 ille,
1559 1837 1704 1880 cum
1732 1816 1793 1880 ei
1820 1816 2167 1881 multitudo
2197 1818 2410 1881 maior

388 1925 583 1990 quam
642 1902 1071 1970 Numidarum
1130 1905 1353 1988 procul
1413 1903 1581 1988 visa,
1644 1908 1709 1969 et
1769 1903 2015 1970 clamor
2073 1904 2409 1971 Romanus

386 1994 884 2078 haudquaquam
936 1996 1202 2078 ignotus
1262 1993 1343 2058 ad
1390 1995 1563 2059 auris
1611 1993 1978 2079 accidisset,
2032 1995 2411 2080 priusquam

285 2091 347 2139 11
390 2083 472 2148 ad
524 2084 727 2148 ictum
781 2084 898 2148 teli
951 2084 1225 2167 veniret,
1279 2083 1565 2167 capessit
1614 2087 1856 2166 fugam.
1947 2104 2061 2165 per
2118 2104 2411 2148 aversam

388 2177 649 2254 portam
696 2173 968 2236 emissus
1016 2172 1363 2255 adsumpto
1412 2171 1643 2236 comite
1679 2170 1968 2254 Epicyde
2007 2193 2152 2236 cum
2187 2172 2411 2273 paucis

392 2259 471 2322 ad
500 2280 677 2323 mare
707 2260 1019 2341 pervenit,
1038 2261 1340 2343 nactique
1370 2262 1729 2341 opportune
1755 2280 2028 2340 parvum
2055 2259 2413 2341 navigium,

385 2345 616 2409 relicta
670 2344 969 2410 hostibus
1018 2342 1269 2428 Sicilia,
1323 2346 1401 2408 de
1457 2367 1584 2428 qua
1636 2365 1752 2428 per
1805 2347 1908 2408 tot
1959 2366 2163 2409 annos
2213 2351 2414 2411 certa·

287 2440 352 2489 12
392 2436 529 2497 tum
576 2436 739 2515 erat,
784 2432 853 2498 in
887 2431 1178 2497 Africam
1213 2433 1626 2497 traiecerunt.
1704 2432 1833 2497 alia
1869 2432 2218 2499 multitudo
2254 2433 2414 2500 Poe-

388 2542 618 2587 norum
676 2483 1164 2604 Siculorumque
1217 2543 1298 2585 ne
1358 2523 1679 2604 temptato
1741 2521 2000 2605 quidem
2061 2524 2413 2587 certamine

391 2633 536 2676 cum
591 2611 762 2676 caeci
806 2609 877 2675 in
919 2609 1142 2694 fugam
1198 2613 1486 2694 ruerent,
1540 2609 1872 2692 clausique
1918 2610 2129 2675 exitus
2178 2617 2415 2694 essent,

288 2706 353 2755 13
392 2701 563 2765 circa
607 2702 832 2783 portas
881 2719 1083 2764 caesa.
1168 2698 1404 2782 oppido
1451 2701 1709 2801 recepto
1755 2697 2105 2781 LaevinuS,
2154 2701 2266 2801 qui
2312 2720 2415 2763 ca-

388 2789 530 2871 pita
574 2809 790 2852 rerum
836 2787 1185 2872 Agrigenti
1231 2790 1441 2870 erant,
1497 2787 1700 2871 virgis
1747 2807 1970 2852 caesos
2018 2788 2229 2852 securi
2273 2809 2415 2888 per-

391 2876 617 2959 cussit,
664 2879 912 2941 ceteros
949 2876 1384 2959 praedamque
1423 2874 1738 2960 vendidit3
1779 2895 2037 2939 omnem
2072 2876 2415 2959 pecuniam

292 2971 355 3019 14
392 2963 667 3028 Romam
720 2964 919 3029 misit.
1007 2963 1184 3027 fama
1238 2963 1819 3048 Agrigentinorum
1860 2962 2078 3027 cladis
2127 2962 2416 3028 Siciliam

392 3073 537 3116 cum
572 3052 992 3134 pervasisset,
1031 3051 1249 3115 omnia
1284 3055 1546 3133 repente
1585 3050 1666 3115 ad
1700 3049 2031 3116 Romanos
2068 3051 2416 3118 inclinave—

391 3143 559 3206 runt.
632 3139 892 3222 prodita
933 3139 1117 3204 brevi
1164 3142 1315 3203 sunt
1352 3138 1588 3223 viginti
1626 3138 1891 3223 oppida,
1937 3161 2051 3204 sex
2097 3140 2164 3206 vi
2209 3144 2419 3225 capta,

391 3227 757 3293 voluntaria
794 3227 1177 3293 deditione
1157 3249 1224 3291 111
1263 3226 1456 3291 fidem
1497 3231 1810 3292 venerunt
1848 3227 1932 3292 ad
1968 3228 2417 3312 quadraginta.

292 3324 353 3371 15
394 3339 665 3399 quarum
711 3315 1072 3381 civitatium
1115 3315 1519 3397 principibus
1578 3337 1724 3380 cum
1769 3337 1887 3399 pro
1936 3317 2238 3399 cuiusque
2283 3337 2418 3379 me-

390 3404 519 3466 rito
575 3404 799 3468 consul
852 3404 1063 3487 pretia
1117 3424 1488 3504 poenasque
1545 3404 1930 3469 exsolvisset
1975 3405 2418 3486 coegissetque

396 3485 644 3551 Siculos
676 3490 907 3572 positis
936 3491 1193 3555 tandem
1215 3492 1412 3554 armis
1445 3491 1524 3554 ad
1549 3512 1778 3576 agrum
1799 3492 2134 3557 colendum
2163 3491 2418 3557 animos
