2654 3913
342 194 423 256 18
693 193 908 246 LIBER
944 193 1139 250 XXIV.
1215 194 1365 249 CAP.
1409 201 1489 251 16.
1568 196 1642 265 [a.
1681 194 1745 248 U.
1786 211 1832 250 ο.
1872 197 2001 266 540]

339 357 560 400 omnes
591 338 763 402 caesi
791 341 906 402 aut
933 339 1132 421 capti3
1171 340 1361 420 capta
1397 340 1463 401 et
1489 337 1678 422 signa
1704 337 2354 423 duodequadraginta

269 432 304 482 5
346 445 422 488 ex
468 425 823 491 victoribus
871 425 994 491 duo
1034 426 1214 489 milia
1256 425 1460 488 ferme
1498 426 1797 490 cecidere.
1869 425 2109 509 praeda
2145 428 2356 491 omnis

337 516 792 597 praeterquam
847 513 1180 578 hominum
1239 516 1574 594 captorum
1631 512 1826 576 militi
1882 534 2186 578 concessa
2231 517 2357 596 est;

340 603 406 664 et
439 623 634 684 pecus
674 605 1007 683 exceptum
1045 604 1172 683 est,
1210 600 1382 682 quod
1420 601 1593 665 intra
1631 600 1764 664 dies
1802 600 2076 686 triginta
2112 601 2355 665 domini

341 690 811 773 cognovissent.

268 786 303 834 6
517 774 681 840 Cum
722 775 964 857 praeda
1009 775 1229 838 onusti
1282 777 1353 840 in
1399 782 1616 841 castra
1659 776 2002 860 redissent,
2050 779 2357 861 quattuor

339 862 524 926 milia
551 862 753 926 ferme
773 863 1079 927 volonum
1107 862 1408 947 militum,
1430 886 1592 948 quae
1621 868 2073 949 pugnaverant
2098 864 2358 950 segnius

338 970 456 1013 nec
482 948 551 1012 in
579 953 791 1015 castra
819 950 1200 1034 inruperant
1231 952 1444 1034 simul,
1473 955 1649 1015 metu
1666 974 1911 1035 poenae
1932 952 2163 1017 collem
2185 951 2357 1017 haud

266 1047 300 1096 ’1
337 1038 563 1119 procul
595 1038 826 1103 castris
866 1040 1190 1120 ceperunt.
1260 1043 1523 1123 postero
1564 1039 1667 1103 die
1702 1060 1818 1123 per
1852 1040 2154 1105 tribunos
2193 1041 2357 1105 mili-

338 1128 479 1189 tum
516 1125 664 1190 inde
704 1126 960 1191 deducti
999 1126 1298 1192 contione
1336 1127 1617 1191 militum
1656 1128 1968 1192 advocata
1998 1150 2036 1191 a
2065 1126 2356 1193 Graccho

267 1223 302 1272 8
341 1213 821 1297 superveniunt.
909 1213 1023 1278 ubi
1069 1235 1214 1279 cum
1258 1216 1599 1298 proconsul
1644 1219 1894 1280 veteres
1940 1215 2180 1279 milites
2227 1217 2357 1299 pri·

340 1323 544 1386 mum,
588 1307 783 1386 prout
828 1302 1133 1386 cuiusque
1170 1303 1375 1368 virtus
1423 1307 1617 1386 atque
1664 1324 1860 1387 opera
1905 1303 1975 1367 in
2021 1325 2098 1368 ea
2140 1324 2360 1388 pugna

270 1399 301 1448 9
340 1389 569 1475 fuerat,
595 1391 989 1456 militaribus
1019 1391 1205 1456 donis
1235 1392 1558 1474 donasset,
1584 1395 1757 1475 tunc,
1785 1391 1954 1475 quod
1984 1391 2063 1455 ad
2091 1392 2359 1456 volones

343 1479 674 1564 attineret,
731 1501 954 1544 omnes
1012 1481 1107 1544 ait
1161 1480 1355 1544 malle
1410 1480 1710 1545 laudatos
1767 1503 1806 1545 a
1857 1501 1926 1545 se
1980 1479 2212 1564 dignos
2265 1479 2360 1545 in-

342 1567 728 1652 dignosque,
784 1590 978 1652 quam
1034 1590 1419 1653 quemquam
1477 1591 1551 1634 eo
1608 1569 1710 1633 die
1766 1569 2158 1653 castigatum
2206 1589 2362 1634 esse.

343 1657 513 1739 quod
570 1656 814 1719 bonum
872 1656 1160 1719 faustum
1220 1657 1499 1739 felixque
1558 1656 1653 1719 rei
1714 1656 2013 1737 publicae
2073 1655 2361 1739 ipsisque

237 1751 304 1800 10
344 1745 542 1824 esset,
588 1763 807 1805 omnes
857 1762 964 1804 eos
1011 1742 1252 1806 liberos
1300 1762 1438 1805 esse
1473 1741 1713 1804 iubere.
1786 1741 1868 1804 ad
1906 1763 2101 1823 quam
2135 1762 2359 1807 vocem

341 1850 485 1894 cum
533 1829 775 1892 clamor
820 1827 1070 1912 ingenti
1116 1827 1452 1892 alacritate
1498 1828 1794 1892 sublatus
1837 1831 2033 1910 esset,
2080 1849 2155 1892 ac
2189 1850 2360 1894 nunc

341 1915 641 2001 conplexi
685 1915 857 1981 inter
904 1937 971 1979 se
1010 1916 1562 2001 gratulantesque,
1605 1936 1776 1980 nunc
1818 1936 2045 1980 manus
2092 1914 2173 1980 ad
2219 1936 2357 1982 cae-

338 2006 476 2072 lum
521 2006 824 2069 tollentes
860 2004 1033 2069 bona
1070 2004 1289 2068 omnia
1324 2005 1567 2087 populo
1606 2003 1898 2070 Romano
1938 2002 2359 2089 Gracchoque

236 2103 302 2151 11
340 2094 467 2179 ipsi
496 2096 936 2178 precarentur,
972 2098 1115 2158 tum
1143 2090 1470 2157 Gracchus
1502 2091 1929 2178 “priusquam
1959 2114 2181 2158 omnes
2219 2093 2358 2157 iure

341 2184 665 2248 libertatis
705 2204 1078 2266 aequassem
1107 2179 1152 2208 '³
1199 2180 1435 2264 inquit,
1484 2179 1863 2246 “neminem
1907 2185 2066 2245 nota
2112 2182 2357 2247 strenui

233 2279 303 2327 12
343 2273 456 2334 aut
513 2270 736 2354 ignavi
795 2270 1023 2334 militis
1075 2270 1335 2332 notasse
1388 2268 1589 2351 volui3
1649 2289 1823 2332 nunc
1879 2267 2174 2333 exsoluta
2227 2270 2358 2333 iam

341 2356 463 2420 fide
508 2356 796 2440 publica,
848 2378 930 2421 ne
978 2356 1324 2421 discrimen
1381 2375 1566 2419 omne
1621 2355 1885 2420 virtutis
1930 2355 2358 2441 ignaviaeque

338 2447 588 2527 pereat,
623 2442 888 2509 nomina
917 2466 1163 2527 eorum,
1193 2443 1303 2526 qui
1332 2442 1725 2507 detractatae
1750 2464 2008 2528 pugnae
2039 2465 2357 2511 memores

342 2532 767 2597 secessionem
803 2532 1000 2615 paulo
1039 2534 1189 2596 ante
1225 2530 1541 2615 fecerunt,
1585 2530 1813 2596 referri
1860 2532 1940 2596 ad
1982 2553 2085 2597 me
2121 2532 2358 2599 iubebo

237 2629 301 2678 13
342 2620 698 2706 citatosque
747 2619 1035 2707 singulos
1073 2620 1210 2685 iure
1246 2619 1519 2685 iurando
1563 2619 1847 2705 adigam,
1881 2620 2010 2685 nisi
2047 2620 2149 2685 cui
2188 2642 2357 2687 mor·

339 2710 462 2776 bus
509 2731 706 2775 causa
752 2709 900 2791 erit,
946 2730 1080 2773 non
1126 2708 1316 2773 aliter
1362 2730 1556 2792 quam
1603 2712 1847 2773 stantes
1886 2709 2101 2773 cibum
2145 2709 2357 2791 potio·

340 2820 644 2882 nemque,
689 2797 900 2879 quoad
948 2797 1272 2880 stipendia
1308 2796 1574 2880 facient,
1621 2802 1922 2879 capturos
1964 2817 2118 2860 esse.
2190 2795 2359 2860 hanc

341 2885 617 2948 multam
662 2884 758 2948 ita
803 2906 1007 2968 aequo
1057 2884 1271 2948 animo
1327 2883 1579 2966 feretis,
1636 2886 1692 2947 si
1736 2883 2123 2966 reputabitis
2177 2882 2360 2948 nulla

231 2982 305 3031 *14
341 2972 642 3057 ignaviae
677 2977 833 3038 nota
871 2973 1109 3038 leviore
1145 2994 1261 3038 vos
1298 2971 1624 3056 designari
1663 2968 2027 3055 potuisse.”
2102 2970 2358 3055 signum

343 3059 567 3126 deinde
614 3060 964 3146 colligendi
1009 3082 1165 3125 vasa
1211 3060 1415 3143 dedit3
1463 3060 1827 3144 militesque
1872 3058 2181 3143 praedam
2218 3080 2359 3144 por-

339 3152 559 3214 tantes
597 3153 990 3234 agentesque
1026 3170 1142 3231 per
1178 3148 1510 3212 lasciviam
1543 3169 1617 3212 ac
1645 3148 1856 3212 iocum
1894 3147 1992 3212 ita
2024 3146 2359 3212 ludibundi

234 3247 305 3297 15
341 3237 786 3303 Beneventum
823 3238 1094 3320 rediere,
1130 3239 1204 3300 ut
1243 3236 1322 3301 ab
1364 3235 1570 3320 epulis
1595 3256 1714 3318 per
1750 3236 2066 3300 celebrem
2094 3235 2359 3301 festum-

233 3336 304 3385 16
343 3348 464 3410 que
513 3326 684 3391 diem
731 3327 920 3410 actis,
965 3347 1100 3391 non
1146 3346 1222 3389 ex
1259 3323 1397 3389 acie
1432 3324 1670 3389 reverti
1705 3324 2086 3389 viderentur.
2156 3322 2360 3388 Bene-

343 3413 606 3478 ventani
671 3436 894 3480 omnes
958 3414 1154 3478 turba
1217 3412 1418 3477 effusa
1480 3433 1624 3478 cum
1682 3411 1943 3477 obviam
1999 3412 2078 3475 ad
2136 3413 2360 3496 portas

262 3576 267 3580 .
344 3499 656 3585 exissent,
698 3502 1041 3588 complecti
1078 3501 1349 3586 milites,
1388 3500 1731 3587 gratulari,
1766 3520 1997 3565 vocare
2038 3498 2109 3562 in
2146 3499 2362 3583 hospi-
