2654 3913
386 221 472 283 66
772 217 988 271 LIBER
1022 218 1191 273 xxv.
1266 218 1416 272 CAP.
1456 223 1502 269 9.
1581 216 1653 285 [a.
1693 215 1755 271 U.
1795 229 1839 268 ο.
1880 217 2008 285 542]

383 361 982 448 perlustrarentque
1011 360 1225 426 omnia
1254 357 1475 440 oculis,
1501 378 1582 420 ne
1611 357 1755 440 quis
1785 358 2141 440 agrestium
2170 361 2396 443 procul

314 464 350 513 3
389 453 718 535 spectator
747 450 1022 534 agminis
1049 447 1327 525 falleret3
1365 462 1783 528 praegressos
1818 446 2248 531 retraherent,
2285 450 2396 514 ob-

387 542 528 605 vios
576 537 964 620 occiderent,
1017 538 1092 598 ut
1132 532 1531 617 praedonum
1583 532 1793 616 magis
1840 554 2032 616 quam
2078 537 2396 602 exercitus

390 627 624 694 accolis
672 626 914 709 species
961 624 1146 687 esset.
1233 619 1375 704 ipse
1429 620 1666 703 raptim
1714 621 1970 704 agmine
2017 625 2162 687 acto
2210 624 2395 707 quin-

389 716 594 782 decim
639 713 837 776 ferme
883 709 1131 774 milium
1187 708 1401 792 spatio
1463 712 1677 773 castra
1724 711 1804 774 ab
1850 708 2131 776 Tarento
2176 714 2397 796 posuit

315 820 353 867 4
390 808 456 870 et
497 822 577 866 ne
632 800 722 862 ibi
768 797 1024 882 quidem
1077 796 1478 878 denuntiato,
1535 819 1660 881 quo
1717 802 2087 883 pergerent,
2138 803 2397 865 tantum

387 889 771 955 convocatos
808 886 1047 950 milites
1085 885 1362 968 monuit,
1399 885 1507 949 via
1542 906 1762 950 omnes
1800 886 1971 950 irent
2004 909 2125 952 nec
2152 888 2397 954 deverti

383 995 767 1061 quemquam
823 976 937 1037 aut
990 972 1289 1038 excedere
1346 973 1630 1038 ordinem
1686 973 1969 1057 agminis
2024 980 2400 1060 paterentur

384 1068 451 1130 et
495 1063 565 1127 in
608 1060 837 1145 primis
883 1061 1120 1127 intenti
1167 1061 1245 1125 ad
1290 1061 1565 1143 imperia
1601 1059 1973 1143 accipienda
2011 1068 2229 1129 essent
2271 1087 2398 1130 neu

383 1151 537 1236 quid
581 1150 714 1214 nisi
760 1150 992 1214 ducum
1036 1150 1215 1213 iussu
1258 1149 1574 1232 facerent3
1634 1169 1702 1212 se
1747 1149 1816 1215 in
1861 1153 2149 1233 tempore
2196 1153 2398 1218 editu·

314 1250 347 1300 5
382 1261 554 1322 rum,
610 1259 772 1321 quae
826 1238 1026 1302 vellet
1078 1236 1201 1319 agi.
1294 1236 1515 1300 eadem
1571 1235 1771 1300 ferme
1825 1236 1987 1301 hora
2043 1237 2398 1305 Tarentum

382 1328 560 1393 fama
627 1329 1050 1410 praevenerat
1105 1324 1423 1390 Numidas
1485 1322 1731 1408 equites
1794 1345 2033 1407 paucos
2097 1328 2399 1410 populari

313 1428 348 1477 6
387 1437 581 1502 agros
626 1419 1065 1497 terroremque
1108 1413 1240 1477 late
1287 1413 1651 1498 agrestibus
1698 1412 2011 1477 iniecisse.
2080 1414 2163 1479 ad
2210 1438 2401 1500 quem

386 1505 681 1571 nuntium
726 1501 893 1565 nihil
938 1503 1113 1566 ultra
1150 1505 1365 1566 motus
1402 1500 1764 1584 praefectus
1800 1500 2167 1587 RomanuS,
2208 1526 2400 1588 quam

386 1599 462 1660 ut
497 1595 746 1677 partem
784 1590 1071 1674 equitum
1099 1594 1358 1673 postero
1387 1590 1489 1653 die
1519 1590 1660 1654 luce
1696 1591 1909 1672 prima
1936 1591 2188 1656 iuberet
2227 1593 2400 1657 exire

317 1693 350 1741 '1
389 1682 470 1746 ad
525 1677 868 1744 arcendum
922 1678 1456 1761 populationibus
1509 1678 1793 1762 hostem3
1848 1678 1917 1742 in
1974 1682 2184 1742 cetera
2239 1681 2399 1745 adeo

385 1768 553 1834 nihil
600 1767 680 1831 ab
729 1788 801 1831 eo
838 1766 1089 1830 intenta
1127 1786 1279 1829 cura
1314 1767 1440 1846 est,
1485 1767 1559 1828 ut
1596 1768 1824 1830 contra
1859 1786 1976 1847 pro
2016 1772 2399 1850 argumento

385 1855 585 1921 fuerit
637 1855 752 1919 illa
804 1853 1205 1938 procursatio
1252 1852 1682 1918 Numidarum
1737 1851 2171 1917 Hannibalem
2227 1876 2400 1920 exer-

314 1955 350 2007 8
387 1944 713 2028 citumque
757 1964 790 2008 e
842 1941 1072 2007 castris
1126 1962 1258 2006 non
1312 1940 1610 2005 movisse.
1700 1938 2031 2006 Hannibal
2087 1942 2402 2008 concubia

386 2037 578 2099 nocte
624 2031 843 2096 movit.
928 2030 1055 2094 dux
1098 2028 1511 2094 Philemenus
1559 2032 1699 2093 erat
1743 2051 1888 2095 cum
1936 2030 2127 2095 solito
2174 2035 2401 2116 captae

388 2120 750 2188 venationis
798 2140 1017 2201 onere3
1062 2117 1257 2182 ceteri
1292 2117 1654 2200 proditores
1692 2140 1794 2200 ea,
1841 2140 2004 2202 quae
2042 2121 2401 2205 composita

317 2222 352 2270 9
392 2213 603 2290 erant,
650 2208 1091 2289 expectabant.
1158 2209 1547 2270 convenerat
1592 2210 1837 2289 autem,
1881 2209 1954 2270 ut
1990 2207 2401 2272 Philemenus

388 2296 651 2381 portula
689 2295 954 2358 adsueta
979 2294 1390 2357 venationem
1423 2293 1705 2357 inferens
1736 2297 2021 2357 armatos
2051 2293 2400 2377 induceret,

288 2395 355 2445 10
389 2386 574 2468 parte
644 2382 774 2447 alia
838 2383 1095 2466 portam
1152 2379 1556 2444 Temenitida
1624 2379 1831 2444 adiret
1887 2379 2234 2446 Hannibal.
2326 2404 2403 2447 ea

389 2471 858 2535 mediterranea
909 2468 1089 2553 regio
1146 2472 1245 2532 est
1300 2468 1615 2532 orientem
1670 2471 1996 2553 spectanS,
2049 2469 2245 2534 busta
2290 2471 2403 2534 ali-

390 2560 705 2642 quantum
749 2557 923 2622 intra
968 2555 1221 2620 moenia
1263 2555 1622 2620 includunt.
1713 2577 1859 2621 cum
1902 2560 2131 2640 portae
2178 2558 2404 2642 adpro-

389 2647 761 2732 pinquaret,
807 2644 1015 2710 editus
1056 2665 1134 2708 ex
1173 2644 1531 2728 composito
1570 2644 1740 2729 ignis
1779 2646 1861 2710 ab
1898 2644 2267 2710 Hannibale
2308 2650 2406 2710 est

389 2735 771 2818 refulsitque
808 2734 978 2798 idem
1014 2732 1336 2797 redditum
1349 2733 1446 2797 *ab
1476 2731 1726 2798 Nicone
1757 2733 2042 2816 signum3
2082 2733 2402 2798 extinctae

289 2835 353 2883 11
392 2822 621 2887 deinde
648 2821 973 2906 utrimque
1002 2821 1298 2884 flammae
1330 2825 1495 2884 sunt.
1560 2820 1888 2884 Hannibal
1926 2820 2186 2885 silentio
2217 2820 2405 2886 duce-

392 2911 508 2975 bat
535 2910 614 2973 ad
643 2912 915 2992 portam.
959 2907 1123 2973 Nico
1152 2928 1230 2971 ex
1248 2908 1598 2990 improviso
1621 2908 1882 2972 adortus
1904 2907 2152 2991 sopitos
2172 2909 2404 2994 vigiles

291 3008 355 3057 12
393 2996 463 3060 in
492 2996 811 3060 cubilibus
843 2995 973 3059 suis
1016 2995 1363 3060 obtruncat
1389 2999 1768 3078 portamque
1797 2995 2022 3079 aperit.
2077 2995 2407 3063 Hannibal

394 3104 539 3148 cum
567 3083 855 3166 peditum
885 3083 1141 3166 agmine
1168 3082 1547 3166 ingreditur,
1567 3083 1813 3166 equites
1843 3084 2193 3150 subsistere
2212 3085 2408 3170 iubet,

393 3175 493 3256 ut,
549 3192 673 3255 quo
728 3192 830 3235 res
876 3169 1188 3254 postulet,
1233 3190 1567 3234 occurrere
1613 3170 1818 3235 libero
1868 3192 2092 3257 campo
2138 3174 2409 3257 possint.

290 3273 358 3323 18
398 3262 463 3326 et
505 3259 918 3324 Philemenus
965 3258 1261 3342 portulae
1306 3261 1492 3341 parte
1539 3257 1696 3343 alia,
1742 3282 1869 3344 qua
1904 3281 2266 3334 commeare
2303 3262 2409 3324 ad·

398 3351 640 3431 suerat,
669 3346 1241 3432 adpropinquabat.
1297 3349 1456 3410 nota
1492 3369 1617 3411 vox
1655 3347 1789 3412 eius
1828 3352 1895 3412 et
1929 3349 2250 3412 familiare
2277 3348 2406 3412 iam

398 3435 656 3518 signum
701 3457 845 3501 cum
902 3437 1247 3502 excitasset
1290 3433 1585 3520 vigilem,
1637 3436 1887 3501 dicente
1941 3436 2050 3499 vix
2106 3436 2410 3500 sustineri

294 3532 363 3584 14
400 3524 661 3604 grandis
690 3524 937 3590 bestiae
966 3546 1143 3608 onuS,
1167 3524 1430 3607 portula
1457 3524 1763 3608 aperitur.
1807 3524 2156 3589 inferentes
2182 3546 2403 3609 aprum
