2654 3913
633 208 846 262 LIBER
881 210 1074 263 XXVI.
1151 209 1300 264 CAP.
1345 216 1425 267 1⁷.
1467 217 1546 265 18.
1624 212 1697 282 [a.
1737 212 1793 268 C.
1831 215 1961 284 211]
2174 215 2300 280 133

291 353 661 418 emittendis
690 355 857 418 clam
895 375 929 418 e
967 354 1197 419 castris
1227 352 1876 437 Carthaginiensibus
1904 356 2303 441 absumptae.

291 445 745 526 et.postquam
790 464 941 525 pars
979 443 1189 507 maior
1226 442 1464 506 emissa
1500 443 1817 508 exercitus
1855 447 2020 528 erat,
2056 444 2189 508 iam
2224 467 2302 510 ne

290 530 373 594 iis
420 529 702 614 quidem,
757 552 922 614 quae
975 531 1149 596 ultro
1204 530 1377 595 dicta
1423 534 1629 612 erant,
1686 532 2010 615 stabatur,
2062 533 2300 597 minus·
2343 544 2407 593 12

294 639 414 701 que
461 639 535 682 ac
580 619 793 682 minus
841 639 988 682 cum
1024 618 1258 683 timore
1305 618 1498 683 simul
1534 618 1661 683 fide
1707 619 2109 685 decrescente
2156 642 2303 686 con·

289 706 607 771 veniebat.
686 706 817 771 iam
854 706 1055 771 ferme
1091 706 1419 790 pedestres
1458 728 1679 772 omnes
1710 708 1928 792 copiae
1968 714 2307 773 evaserant

289 816 323 857 e
370 794 573 879 saltu,
619 816 763 859 cum
809 795 1020 878 prima
1065 796 1205 859 luce
1252 796 1449 860 densa
1493 796 1731 860 nebula.
1771 798 2011 861 saltum
2050 818 2306 861 omnem

289 903 678 966 camposque
725 883 897 948 circa
954 883 1204 950 intexit.
1296 884 1466 968 quod
1511 884 1626 948 ubi
1670 886 1873 950 sensit
1915 884 2306 969 Hasdrubal,

289 971 494 1034 mittit
540 971 623 1035 ad
656 969 1007 1057 Neronem,
1053 971 1164 1057 qui
1202 973 1274 1037 in
1311 975 1647 1059 posterum
1686 972 1853 1038 diem
1892 974 2305 1059 conloquium

290 1058 600 1124 differret:
654 1059 836 1124 illum
893 1061 1060 1125 diem
1105 1061 1485 1147 religiosum
1532 1059 2176 1146 Carthaginiensibus
2224 1062 2306 1128 ad

292 1147 612 1230 agendum
667 1149 1009 1232 quicquam
1065 1150 1162 1213 rei
1216 1150 1422 1215 seriae
1478 1172 1637 1215 esse.
1724 1173 1804 1216 ne
1859 1156 1998 1216 tum
2050 1151 2306 1235 quidem
2346 1160 2409 1209 13

290 1238 587 1319 suspecta
640 1235 818 1301 fraus
876 1258 1023 1302 cum
1091 1241 1287 1321 esset,
1342 1238 1495 1302 data
1547 1240 1738 1303 venia
1793 1240 1929 1304 eius
1988 1239 2145 1322 diei,
2200 1262 2305 1305 ex-

290 1324 660 1407 temploque
682 1323 1058 1388 Hasdrubal
1087 1345 1231 1388 cum
1251 1326 1547 1408 equitatu
1566 1326 2054 1410 elephantisque
2073 1327 2305 1391 castris

291 1432 590 1495 egressus
629 1411 768 1475 sine
805 1411 941 1476 ullo
980 1411 1264 1475 tumultu
1292 1412 1363 1474 in
1393 1414 1603 1475 tutum
1631 1413 1854 1478 evasit.
1916 1412 2079 1479 hora
2104 1413 2306 1478 ferme
2347 1424 2412 1472 14

292 1502 525 1583 quarta
578 1497 869 1581 dispulsa
924 1499 1061 1563 sole
1115 1498 1357 1562 nebula
1415 1500 1670 1582 aperuit
1722 1500 1918 1583 diem,
1977 1522 2305 1585 vacuaque

290 1587 578 1651 hostium
648 1589 860 1651 castra
926 1590 1397 1671 conspexerunt
1453 1585 1748 1653 Romani.
1846 1591 1986 1653 tum
2050 1589 2306 1654 demum
2347 1599 2412 1647 15

293 1673 601 1740 Claudius
664 1673 977 1739 Punicam
1039 1673 1331 1738 fraudem
1396 1675 1796 1760 adgnoscens
1807 1727 1826 1761 ,
1889 1680 1964 1741 ut
2027 1698 2097 1742 se
2161 1678 2307 1743 dolo

291 1767 551 1846 captum
581 1764 812 1847 sensit,
844 1763 1355 1846 proficiscentem
1382 1764 1628 1829 institit
1655 1766 1835 1849 sequi
1863 1770 2130 1850 paratus
2158 1787 2307 1833 con-

290 1851 515 1937 fligere
544 1851 706 1935 acie3
737 1851 847 1916 sed
875 1851 1084 1918 hostis
1114 1852 1517 1918 detrectabat
1541 1874 1847 1938 pugnam.
1893 1855 2063 1920 levia
2089 1858 2310 1921 tamen
2349 1864 2413 1913 16

289 1939 540 2023 proelia
583 1939 755 2004 inter
801 1945 1158 2005 extremum
1194 1939 1507 2006 Punicum
1555 1964 1787 2026 agmen
1832 1965 2309 2026 praecursores·

292 2049 416 2110 que
462 2027 904 2093 Romanorum
948 2028 1211 2092 fiebant.

468 2113 708 2179 XVIII.
752 2113 932 2179 Inter
975 2115 1136 2179 haec
1170 2115 1525 2199 Hispaniae
1570 2118 1794 2200 populi
1838 2139 1956 2182 nec
2002 2118 2115 2201 qui
2158 2124 2308 2202 post
2348 2129 2375 2175 1

292 2202 541 2267 cladem
580 2205 912 2287 acceptam
950 2202 1314 2268 defecerant
1349 2204 1647 2269 redibant
1684 2205 1765 2269 ad
1799 2205 2157 2291 Romanos,
2191 2228 2309 2272 nec

290 2292 409 2356 ulli
436 2291 589 2357 novi
618 2291 1017 2357 deficiebant.
1091 2295 1156 2356 et
1180 2291 1428 2357 Romae
1461 2293 1716 2358 senatui
1751 2295 2120 2378 populoque
2154 2300 2309 2380 post
2344 2303 2378 2352 2

289 2383 615 2464 receptam
654 2378 943 2463 Capuam
986 2401 1121 2446 non
1155 2381 1445 2447 Italiae
1424 2403 1556 2447 lam
1597 2382 1806 2447 maior
1844 2405 2036 2467 quam
2072 2382 2309 2468 Hispa-

290 2469 436 2532 niae
483 2490 637 2533 cura
682 2471 839 2533 erat.
931 2473 997 2533 et
1051 2471 1400 2535 exercitum
1465 2471 1689 2555 augeri
1744 2475 1810 2536 et
1852 2473 2310 2556 imperatorem

293 2555 472 2619 mitti
515 2556 833 2637 placebat.
919 2577 1038 2620 nec
1082 2560 1245 2639 tam,
1300 2579 1492 2641 quem
1539 2559 1896 2641 mitterent,
1952 2559 2112 2623 satis
2157 2581 2309 2624 con·
2346 2568 2381 2616 8

294 2642 537 2725 stabat,
584 2663 779 2724 quam
822 2642 1011 2725 illud,
1060 2644 1176 2707 ubi
1220 2643 1344 2708 duo
1392 2644 1629 2708 summi
1671 2644 2093 2728 imperatores
2137 2646 2313 2710 intra

293 2729 430 2794 dies
475 2729 750 2814 triginta
795 2729 1205 2813 cecidissent,
1252 2731 1362 2813 qui
1407 2732 1478 2794 in
1521 2731 1736 2795 locum
1783 2731 2054 2796 duorum
2100 2754 2310 2797 succe-

292 2818 501 2903 deret,
546 2817 1058 2884 extraordinaria
1102 2838 1256 2882 cura
1311 2818 1718 2903 deligendum
1765 2839 1921 2884 esse.
2003 2842 2149 2885 cum
2197 2820 2311 2884 alii
2347 2831 2382 2879 4

294 2905 498 2970 alium
555 2906 993 2990 nominarent,
1059 2909 1459 2990 postremum
1520 2929 1596 2973 eo
1656 2908 1992 2972 decursum
2054 2912 2181 2992 est,
2240 2912 2314 2973 ut

294 2993 665 3076 proconsuli
709 2994 984 3060 creando
1036 2995 1107 3059 in
1150 2994 1537 3077 Hispaniam
1584 2996 1851 3060 comitia
1893 2996 2314 3083 haberentur;

293 3081 589 3165 diemque
635 3083 916 3148 comitiis
961 3083 1258 3149 consules
1305 3082 1660 3149 edixerunt.
1751 3085 1958 3169 primo
2017 3090 2307 3170 expecta·
2348 3096 2380 3144 5

292 3172 545 3253 verant,
608 3174 708 3252 ut,
772 3169 882 3254 qui
947 3193 1015 3236 se
1078 3173 1266 3236 tanto
1331 3171 1602 3256 imperio
1666 3172 1897 3257 dignos
1961 3174 2313 3256 crederent,

290 3258 557 3323 nomina
583 3258 1058 3342 profiterentur.
1140 3280 1302 3344 quae
1339 3263 1412 3324 ut
1449 3259 1759 3325 destituta
1795 3262 2158 3343 expectatio
2197 3263 2314 3342 est,

291 3345 770 3431 redintegratus
817 3346 1029 3413 luctus
1067 3351 1368 3431 acceptae
1405 3348 1607 3413 cladis
1644 3347 2155 3432 desideriumque
2192 3349 2311 3412 im-

291 3437 667 3517 peratorum
723 3435 1127 3501 amissorum.
1226 3440 1476 3501 maesta
1529 3437 1748 3520 itaque
1802 3436 2058 3520 civitaS,
2112 3458 2311 3521 prope
2350 3448 2383 3497 6

289 3523 480 3606 inops
527 3523 809 3607 consilii,
864 3525 1273 3590 comitiorum
1321 3524 1424 3588 die
1478 3529 1696 3591 tamen
1750 3525 1821 3590 in
1866 3547 2165 3610 campum
2212 3525 2314 3589 de-
