2654 3913
375 219 500 283 128
663 219 880 273 LIBER
915 218 1109 273 XXVI.
1184 219 1335 276 CAP.
1378 225 1460 273 13.
1501 225 1585 273 14.
1661 220 1736 290 [a.
1776 220 1841 275 U.
1881 237 1924 277 c.
1967 220 2093 291 543]

370 367 556 448 tergo
619 364 930 429 cervicem
989 365 1197 429 securi
1248 362 1579 429 Romanae
1635 363 1977 447 subiciam3
2039 385 2161 428 nec
2223 362 2388 428 dirui

373 451 753 535 incendique
783 452 1060 535 patriam
1087 452 1345 533 videb0,
1383 473 1503 516 nec
1532 451 1676 536 rapi
1716 451 1797 516 ad
1827 455 2121 535 stuprum
2148 456 2387 516 matres

270 550 336 599 16
375 537 739 623 Campanas
767 541 1171 624 virginesque
1199 543 1265 604 et
1292 541 1605 624 ingenuos
1633 561 1881 623 pueros.
1927 540 2193 621 Albam,
2220 539 2388 603 unde

373 628 501 711 ipsi
528 628 784 693 oriundi
813 632 1024 711 erant,
1059 651 1099 693 a
1134 627 1567 693 fundamentis
1596 631 2009 711 proruerunt,
2036 648 2117 692 ne
2147 628 2389 710 stirpiS,

372 738 454 781 ne
499 716 813 781 memoria
857 716 1180 800 originum
1227 738 1487 781 suarum
1524 719 1805 781 extaret:
1849 716 2083 780 nedum
2120 737 2228 779 eos
2268 712 2388 778 Oa-

373 825 538 885 puae
573 825 879 887 parsuros
923 804 1204 888 credam,
1242 804 1345 869 cui
1380 804 1748 868 infestiores
1785 826 1978 888 quam
2008 802 2389 886 Carthagini

271 901 336 949 17
375 894 542 956 sunt.
629 891 851 972 itaque
897 891 1130 974 quibus
1175 896 1464 956 vestrum
1509 896 1658 956 ante
1703 892 1844 958 fato
1903 891 2155 974 cedere,
2200 911 2388 974 quam

371 977 530 1041 haec
574 980 678 1041 tot
720 981 857 1041 tam
904 979 1135 1043 acerba
1179 979 1470 1062 videant,
1523 980 1593 1042 in
1640 979 1858 1045 animo
1915 984 2040 1062 est,
2095 980 2179 1044 iis
2225 977 2392 1062 apud

269 1074 335 1124 18
372 1086 475 1128 me
519 1064 711 1129 hodie
757 1066 982 1148 epulae
1027 1066 1384 1129 instructae
1438 1068 1830 1149 parataeque
1876 1070 2046 1131 sunt.
2138 1067 2392 1132 satiatis

372 1152 524 1217 vino
571 1152 841 1236 ciboque
885 1153 1187 1236 poculum
1233 1153 1432 1236 idem,
1483 1152 1654 1236 quod
1699 1153 1863 1217 mihi
1909 1155 2131 1218 datum
2176 1154 2391 1236 fuerit,

374 1240 883 1305 circumferetur:
931 1263 1008 1306 ea
1051 1241 1230 1325 potio
1279 1263 1513 1324 corpus
1560 1265 1600 1306 a
1645 1241 1964 1323 cruciatu,
2016 1242 2306 1305 animum
2356 1264 2393 1305 a

374 1328 801 1413 contumeliis,
845 1330 1084 1412 oculoS,
1114 1329 1287 1394 auris
1316 1352 1357 1394 a
1383 1328 1673 1394 videndis
1703 1328 2161 1413 audiendisque
2191 1331 2394 1393 omni-

375 1415 497 1482 bus
536 1417 782 1483 acerbis
812 1418 1251 1504 indignisque,
1281 1440 1444 1501 quae
1472 1422 1740 1482 manent
1767 1418 1994 1500 victOS,
2020 1417 2396 1483 vindicabit.

377 1507 589 1589 parati
647 1510 859 1590 erunt,
919 1507 1029 1590 qui
1087 1527 1326 1590 magno
1387 1527 1548 1591 rogo
1607 1506 1677 1570 in
1733 1507 2077 1590 propatulo
2139 1506 2396 1571 aedium

274 1605 339 1652 19
378 1615 647 1660 accenso
702 1615 970 1676 corpora
1025 1595 1321 1658 exanima
1376 1595 1664 1660 iniciant.
1760 1595 1920 1659 haec
1981 1616 2114 1659 una
2168 1596 2274 1659 via
2333 1598 2398 1658 et

376 1681 655 1745 honesta
701 1685 768 1744 et
810 1682 1018 1745 libera
1065 1681 1144 1744 ad
1189 1685 1484 1745 mortem.
1567 1686 1634 1746 et
1675 1682 1806 1765 ipsi
1850 1682 2158 1747 virtutem
2207 1684 2398 1746 mira-

375 1769 615 1830 buntur
673 1767 920 1849 hosteS,
975 1771 1042 1831 et
1087 1767 1422 1831 Hannibal
1477 1768 1666 1833 fortis
1723 1769 1933 1832 socios
1990 1770 2151 1833 sciet
2198 1771 2279 1832 ab
2328 1791 2396 1832 se

221 1851 245 1940 f*
310 1867 338 1913 1
377 1855 664 1918 desertos
694 1877 769 1919 ac
796 1854 1088 1938 proditos
1119 1852 1326 1919 esse.''
1404 1854 1581 1920 XIV.
1616 1854 1802 1919 Hanc
1829 1856 2187 1920 orationem
2217 1855 2398 1921 Virri

376 1943 593 2028 plures
650 1966 792 2021 cum
838 1943 1112 2008 adsensu
1169 1942 1539 2027 audierunt,
1595 1966 1789 2028 quam
1843 1943 2000 2009 forti
2046 1944 2267 2010 animo
2313 1946 2398 2028 id,

306 2045 340 2092 2
381 2032 549 2117 quod
577 2032 972 2116 probabant,
1001 2032 1262 2117 exsequi
1288 2036 1665 2116 potuerunt:
1703 2033 1911 2097 maior
1938 2055 2088 2117 pars
2118 2038 2398 2117 senatus,

379 2121 845 2205 multis'saepe
890 2121 1079 2185 bellis
1137 2125 1469 2205 expertam
1522 2121 1747 2205 populi
1790 2120 2072 2185 Romani
2126 2123 2398 2187 clemen-

377 2209 539 2272 tiam
602 2210 775 2273 haud
839 2208 1201 2355 didefflteS
1275 2210 1401 2273 sibi
1466 2231 1718 2293 quoque
1790 2209 2182 2291 placabilem
2243 2212 2399 2292 fore,

376 2295 629 2376 legatos
692 2295 775 2358 ad
837 2296 915 2367 de
962 2296 1205 2377 endam
1252 2295 1563 2359 Romanis
1630 2294 1916 2377 Capuam
1980 2294 2400 2362 decreverunt

308 2394 340 2439 3
378 2381 834 2469 miseruntque.
864 2380 969 2443 tv
968 2381 1170 2443 ibium
1206 2376 1496 2444 Virrium
1534 2385 1783 2464 septem
1820 2385 1887 2445 et
1923 2382 2159 2466 viginti
2195 2385 2398 2448 ferme

379 2472 708 2532 senatores
764 2468 1025 2532 domum
1079 2468 1283 2532 secuti
1339 2472 1492 2532 sunt
1546 2469 1917 2552 epulatique
1982 2491 2129 2534 cum
2185 2492 2259 2536 eo
2318 2477 2399 2556 et,

203 2569 346 2605 “ff-⁴
382 2560 697 2640 quantum
728 2555 952 2621 -facere
997 2559 1348 2639 potuerant
1393 2557 1691 2621 alienatis
1747 2557 2070 2623 mentibus
2116 2559 2270 2625 vino
2317 2561 2399 2626 ab

379 2644 776 2712 imminentis
823 2666 1016 2710 sensu
1068 2643 1254 2727 mali,
1307 2630 1936 2711 venenufflffi
1958 2653 2399 2732 sumpserunt3

311 2745 347 2793 4
381 2733 529 2797 inde
576 2733 773 2819 misso
831 2732 1122 2798 convivio
1180 2732 1423 2797 dextris
1483 2734 1654 2797 inter
1708 2755 1777 2798 se
1824 2735 1990 2799 datis
2046 2736 2400 2819 ultimoque

383 2821 700 2906 conplexu
747 2821 1279 2907 conlacrimantes
1341 2842 1530 2909 suum
1574 2822 1951 2906 patriaeque
1998 2844 2220 2887 casum
2275 2826 2403 2908 alii,

382 2913 457 2973 ut
511 2908 734 2972 eodem
788 2930 951 2991 rogo
1007 2913 1473 2991 cremarentur,
1532 2912 1933 2992 manserunt,
1997 2911 2110 2975 alii
2176 2912 2402 2977 domos

315 3009 346 3057 6
386 2996 660 3079 digressi
688 2999 855 3060 sunt.
906 2996 1191 3078 inpletae
1222 2996 1384 3059 cibis
1414 2996 1692 3079 vinoque
1719 3018 1920 3085 vqnae
1948 2999 2162 3063 minus
2194 3000 2335 3065 effic
2377 3035 2404 3048 ν

385 3104 527 3189 gem
566 3083 635 3146 in
681 3084 1063 3146 maturanda
1107 3087 1315 3163 morte
1361 3084 1493 3169 Vim
1541 3084 1770 3147 veneni
1815 3085 2134 3153 fecerunt:
2182 3082 2402 3172 itaque

383 3175 640 3237 noctem
683 3174 894 3235 totam
938 3170 1229 3254 plerique
1276 3166 1502 3234 eoi-um
1550 3175 1615 3235 et
1653 3171 1780 3235 diei
1816 3171 2211 3259 insequentis
2238 3178 2405 3260 ‘par-

385 3277 521 3326 tem
759 3259 1039 3343 animam
1079 3258 1393 3353 egissent,
1439 3280 1664 3324 omnes
1700 3263 1924 3326 tamen
1959 3265 2166 3347 prius,
2210 3284 2403 3346 qua-m

389 3349 564 3432 aper'
589 3346 792 3412 'entur
836 3337 1132 3412 hostibus
1179 3350 1435 3430 portae,
1483 3348 1875 3431 expirarunt.

317 3448 350 3494 6
562 3436 831 3501 Postero
871 3435 974 3499 die
1011 3439 1200 3519 porta
1234 3435 1434 3519 IoviS,
1477 3455 1639 3518 quae
1678 3437 1992 3522 agitemus
2023 3442 2238 3501 castra
2274 3436 2403 3503 Ro-

390 3542 581 3584 mana
609 3527 775 3606 erat,
809 3524 989 3587 iussu
1023 3525 1427 3605 proconsulis
1467 3528 1692 3607 aperta
1727 3528 1844 3590 est.
1915 3546 1993 3589 ea
2027 3525 2405 3592 intromissa
