2654 3913
670 209 885 265 uena
922 211 1121 265 XXIV.
1198 210 1349 266 CAP.
1393 217 1438 264 1.
1478 219 1526 266 2.
1604 212 1676 282 [a.
1716 211 1773 266 e.
1812 214 1941 284 215]
2229 264 2233 268 ,
2274 212 2316 275 3

303 354 553 445 legibus
584 356 905 441 viverent,
933 357 1087 420 urbs
1115 361 1375 441 pateret
1400 356 1654 438 PoeniS,
1681 361 1905 439 portus
1938 357 2008 420 in
2032 360 2317 441 potesta-

298 449 431 508 tem
468 444 887 509 Locrensium
926 448 1124 528 esset,
1163 445 1440 509 societas
1480 466 1555 508 eo
1592 444 1729 508 iure
1775 448 2006 526 staret,
2050 448 2124 508 ut
2159 443 2316 508 Poe-

298 554 418 596 nus
482 532 863 598 Locrensem
919 533 1389 616 Locrensisque
1441 531 1728 597 Poenum
1792 552 1950 613 pace
2016 553 2089 596 ac
2143 532 2315 597 bello

299 622 566 686 iuvaret.

476 707 556 774 11.
603 706 710 773 Sic
755 731 794 773 a
830 709 998 773 freto
1037 708 1236 774 Poeni
1280 709 1528 773 reducti
1564 709 1982 772 frementibus
2018 706 2316 790 Bruttiis,
2355 719 2382 766 1

301 797 471 881 quod
508 796 788 881 Regium
835 818 910 861 ac
946 795 1216 880 Locros,
1264 818 1423 882 quas
1461 796 1651 861 urbes
1690 796 2053 879 direpturos
2101 816 2169 859 se
2207 796 2316 860 de·-

304 885 736 967 stinaverant,
782 885 1060 958 intactas
1115 884 1551 969 reliquissent.
1640 884 1859 968 itaque
1914 905 2030 966 per
2074 904 2143 947 se
2189 883 2318 965 ipsi
2353 895 2385 942 2

303 972 684 1056 conscriptis
723 973 1117 1056 armatisque
1155 973 1505 1038 iuventutis
1546 994 1701 1037 suae
1746 971 2110 1056 quindecim
2145 972 2315 1036 mili-

300 1062 423 1125 bus
470 1061 550 1125 ad
589 1058 938 1126 Crotonem
978 1061 1482 1146 oppugnandum
1519 1066 1801 1145 pergunt
1837 1061 1956 1142 ire,
2004 1057 2317 1123 Graecam
2353 1070 2386 1118 3

304 1153 368 1213 et
413 1150 626 1232 ipsam
670 1150 899 1214 urbem
946 1153 1012 1213 et
1058 1150 1482 1232 maritimam,
1527 1150 1876 1232 plurimum
1915 1168 2317 1213 accessurum

304 1238 560 1321 opibu8‚
619 1238 677 1302 si
730 1237 800 1302 in
855 1258 970 1302 ora
1015 1238 1213 1302 maris
1270 1239 1495 1302 urbem
1552 1258 1627 1301 ac
1672 1241 1933 1320 portum
1978 1236 2315 1300 moenibus

303 1325 584 1390 validam
636 1325 1024 1409 tenuissent,
1071 1326 1417 1391 credentes.
1491 1347 1567 1390 ea
1604 1346 1757 1390 cura
1795 1325 2102 1408 angebat,
2149 1324 2317 1407 quod
2353 1335 2388 1382 4

303 1435 508 1498 neque
537 1435 671 1478 non
702 1436 1019 1479 accersere
1048 1414 1130 1479 ad
1165 1414 1476 1479 auxilium
1502 1412 1754 1477 Poenos
1784 1413 1945 1476 satis
1975 1411 2319 1495 audebant,

305 1523 386 1566 ne
426 1502 579 1585 quid
614 1523 744 1566 non
781 1524 899 1585 pro
946 1502 1138 1566 sociis
1175 1503 1389 1586 egisse
1416 1501 1805 1583 viderentur,
1843 1504 1934 1582 et,
1972 1501 2028 1563 si
2063 1499 2317 1564 Poenus

306 1610 529 1653 rursus
576 1590 784 1674 magis
832 1590 1074 1654 arbiter
1120 1591 1298 1673 pacis
1337 1611 1531 1674 quam
1577 1589 1832 1653 adiutor
1874 1587 2031 1651 belli
2072 1585 2319 1670 fuisset,

305 1699 388 1742 ne
425 1677 490 1741 in
529 1677 895 1742 libertatem
925 1675 1253 1761 Crotonis,
1291 1680 1459 1743 sicut
1493 1683 1643 1742 ante
1670 1675 2053 1759 Locrorum,
2079 1673 2320 1739 frustra

308 1770 721 1850 pugnaretur.
785 1767 1002 1849 itaque
1041 1767 1359 1849 optimum
1396 1766 1605 1832 visum
1643 1768 1743 1829 est
1776 1764 1856 1828 ad
1883 1762 2317 1831 Hannibalem
2356 1772 2387 1820 5

307 1854 483 1918 mitti
519 1854 771 1937 legatos
811 1855 1144 1938 caverique
1183 1856 1264 1920 ab
1304 1876 1407 1938 eo,
1453 1856 1526 1918 ut
1560 1857 1857 1936 receptus
1894 1850 2093 1918 Croto
2130 1850 2319 1915 Brut-

314 1942 548 2008 tiorum
596 1946 784 2008 esset.
860 1941 1191 2008 Hannibal
1229 1965 1375 2008 cum
1409 1943 1851 2027 praesentium
1888 1962 2032 2005 eam
2069 1940 2318 2006 consul·
2358 1951 2388 1999 6

309 2032 624 2096 tationem
662 2052 802 2095 esse
836 2032 1275 2114 respondisset
1301 2037 1359 2096 et
1392 2032 1472 2096 ad
1499 2031 1880 2095 Hannonem
1920 2051 2027 2093 eos
2065 2029 2319 2094 reiecis-

312 2123 436 2199 set,
484 2119 564 2182 ab
603 2116 921 2182 Hannone
965 2119 1135 2183 nihil
1181 2120 1340 2184 certi
1385 2120 1696 2184 ablatum.
1755 2139 1874 2182 nec
1912 2118 2080 2181 enim
2129 2116 2320 2200 diripi
2359 2126 2390 2174 ’1

310 2205 570 2270 volebat
613 2205 896 2269 nobilem
946 2208 1139 2290 atque
1194 2207 1568 2291 opulentam
1619 2205 1844 2270 urbem
1892 2209 1958 2269 et
2003 2203 2325 2287 sperabat,

311 2316 455 2358 cum
520 2292 815 2358 Bruttius
880 2300 1316 2379 oppugnaret,
1379 2295 1632 2360 Poenos
1695 2314 1815 2358 nec
1869 2294 2143 2377 probare
2205 2313 2324 2356 nec

310 2383 530 2446 iuvare
578 2402 722 2445 eam
768 2383 1316 2466 oppugnationem
1354 2387 1718 2466 appareret,
1766 2403 1841 2445 eo
1888 2382 2203 2445 maturius
2242 2380 2325 2444 ad

313 2491 380 2533 se
427 2470 808 2535 defecturos,
881 2466 1162 2535 Crotone
1205 2492 1326 2535 nec
1372 2471 1712 2536 consilium
1757 2492 1954 2535 unum
1999 2470 2167 2533 inter
2211 2490 2321 2552 po·
2358 2481 2393 2529 8

311 2558 568 2642 pulares
603 2578 721 2620 nec
755 2558 1056 2621 voluntas
1095 2563 1259 2623 erat:
1298 2580 1464 2623 unus
1492 2559 1668 2623 velut
1702 2559 1968 2623 morbus
1995 2558 2326 2621 invaserat

314 2667 536 2709 omnes
583 2644 812 2707 Italiae
859 2645 1181 2729 civitateS,
1225 2651 1300 2710 ut
1334 2647 1555 2730 plebes
1603 2647 1685 2709 ab
1728 2645 2152 2728 optimatibus
2198 2644 2323 2708 dis-

313 2734 653 2813 sentirent,
700 2736 963 2795 senatus
1008 2731 1319 2798 Romanis
1377 2733 1657 2816 faveret,
1709 2733 1892 2813 plebs
1948 2732 2030 2795 ad
2073 2730 2350 2795 Poenos'

310 2842 446 2885 rem
482 2820 790 2885 traheret.
869 2841 1012 2884 eam
1051 2820 1516 2886 dissensionem
1561 2820 1632 2884 in
1667 2820 1825 2883 urbe
1859 2819 2131 2904 perfuga
2166 2841 2324 2885 nun-
2360 2833 2395 2880 9

312 2910 436 2972 tiat
470 2907 777 2972 Bruttiis:
812 2906 1344 2973 Aristomachum
1382 2930 1523 2973 esse
1559 2908 1915 2992 principem
1951 2909 2158 2992 plebis
2194 2911 2323 2974 tra·

313 2994 679 3078 dendaeque
734 3000 1062 3059 auctorem
1118 2996 1320 3079 urbis,
1378 2999 1444 3059 et
1496 2996 1566 3060 in
1618 3001 1806 3062 vasta
1858 2997 2017 3061 urbe
2071 2997 2326 3081 lateque

312 3080 648 3146 moenibus
695 3081 980 3147 disiectis
1035 3104 1217 3147 raras
1273 3084 1586 3148 stationes
1643 3085 2096 3169 custodiasque
2143 3107 2325 3150 sena·

312 3175 526 3234 torum
572 3190 736 3254 esse3
783 3191 1182 3254 quacumque
1229 3171 1599 3236 custodiant
1637 3173 1845 3255 plebis
1881 3174 2204 3255 homines,
2249 3195 2328 3237 ea

311 3259 533 3340 patere
562 3256 825 3322 aditum.
896 3263 1155 3322 auctore
1193 3280 1268 3323 ac
1305 3260 1464 3325 duce
1500 3261 1774 3344 perfuga
1808 3260 2052 3324 Bruttii
2088 3280 2327 3325 corona
2366 3274 2431 3322 10

311 3347 652 3409 cinxerunt
715 3345 938 3410 urbem
1002 3347 1376 3431 acceptique
1431 3348 1514 3412 ab
1571 3349 1761 3431 plebe
1814 3348 2024 3431 primo
2080 3348 2326 3430 impetu

313 3455 566 3498 omnem
611 3437 868 3515 praeter
912 3454 1123 3498 arcem
1171 3456 1414 3518 cepere.
1497 3456 1710 3499 arcem
1754 3435 2104 3518 optimates
2147 3440 2324 3502 tene·
2364 3451 2426 3497 11

313 3522 472 3586 bant
514 3524 900 3606 praeparato
952 3522 1085 3587 iam
1143 3527 1291 3587 ante
1348 3523 1428 3586 ad
1483 3523 1679 3585 talem
1734 3543 1954 3587 casum
2007 3524 2325 3607 perfugiO.

1830 3625 1900 3675 με
