2654 3913
550 202 774 298 LIBEa
809 203 979 259 XXV.
1055 204 1211 258 CAP.
1249 211 1336 259 39.
1374 210 1459 258 40.
1536 205 1610 275 [a.
1651 206 1708 260 C.
1746 208 1875 277 212]
2114 207 2237 271 107

232 344 463 411 Poenis
512 351 703 431 atque
750 347 899 412 inde
920 369 1251 449 ’pavorem
1295 348 1686 413 iniecissent.
1767 348 1874 412 hic
1916 352 2127 413 terror
2172 350 2241 413 in
2263 362 2326 410 11

229 433 449 517 fugam
488 436 723 500 avertit
758 436 1002 520 omnis3
1049 435 1381 520 effusique,
1428 458 1557 520 qua
1591 435 1717 500 iter
1754 438 1871 519 est,
1915 436 2047 500 nisi
2082 456 2241 518 quos

231 522 451 587 caedes
509 523 858 607 oppressit,
914 527 1236 588 exuuntur
1289 525 1539 589 castris.
1629 523 1725 588 ita
1775 523 1964 588 nocte
2021 545 2096 589 ac
2140 523 2240 588 die

230 610 384 675 bina
438 615 655 676 castra
696 612 988 676 hostium
1034 601 1403 695 expugnata
1447 612 1642 677 ductu
1686 609 1759 675 L.
1803 611 2053 675 Marcii.
2139 610 2242 675 Ad
2265 623 2330 672 12

150 693 163 706 '
228 699 500 783 triginta
529 703 779 783 septem
805 699 989 762 milia
1015 699 1305 765 hostium
1336 721 1521 764 caesa
1549 703 1775 764 auctor
1803 702 1903 764 081
1918 698 2243 781 Claudiae,

202 787 340 874 ‘qui
377 788 644 851 annales
672 786 1005 852 Acilianos
1045 808 1122 852 ex
1151 786 1454 853 Graeco
1432 809 1505 852 10
1534 786 1841 871 Latinum
1879 808 2242 853 sermonem

229 876 447 959 vertit,
503 878 727 958 captos
775 875 856 939 ad
902 874 1083 940 mille
1129 876 1536 959 octingentos
1580 876 1881 960 triginta,
1932 876 2241 961 praedam

228 963 559 1047 ingentem
622 966 905 1046 partam3
978 964 1049 1027 in
1113 986 1190 1028 ea
1252 964 1453 1029 fuisse
1518 964 1797 1048 clipeum
1863 967 2241 1048 argenteum
2263 976 2330 1025 13
2452 1033 2462 1043 ‚

227 1050 442 1133 pondo
500 1055 756 1116 centum
811 1052 1087 1136 triginta
1140 1056 1392 1136 septem
1438 1074 1592 1118 ’011111
1646 1053 1929 1137 imagine
1979 1052 2237 1117 Barcinv

226 1137 675 1204 Hasdrubalis.
731 1138 1033 1205 Valerius
1064 1140 1299 1205 Antias
1329 1164 1458 1206 una
1487 1144 1703 1206 castra
1720 1140 2020 1225 Magonis
2049 1145 2241 1224 capta
2264 1153 2332 1201 14

225 1226 452 1310 tradit,
526 1232 775 1311 septem
838 1228 1022 1292 milia
1084 1250 1273 1293 caesa
1332 1228 1648 1309 hostium3
1707 1229 1925 1313 altero
1989 1229 2240 1310 proelio

228 1315 561 1398 eruptione
632 1318 995 1399 pugnatum
1058 1337 1204 1380 cum
1267 1314 1702 1399 Hasdrubale,
1776 1316 1995 1379 decem
2060 1315 2243 1378 milia

227 1403 456 1485 occisa,
501 1407 806 1486 quattuor
851 1403 1038 1466 milia
1081 1404 1406 1467 trecentos
1452 1402 1725 1486 triginta
1772 1406 2013 1485 captos.
2089 1401 2242 1466 Piso
2264 1415 2329 1463 15

228 1491 508 1574 quinque
564 1491 748 1554 milia
804 1488 1168 1573 hominum,
1222 1511 1366 1562 cum
1412 1488 1609 1573 Mago
1657 1488 1937 1554 cedentis
1982 1492 2242 1553 nostros

229 1578 426 1643 effuse
466 1580 857 1676 sequeretur,
896 1598 1084 1650 caesa
1119 1599 1196 1641 ex
1231 1577 1483 1642 insidiis
1522 1576 1764 1642 scribit.
1830 1576 2001 1661 apud
2029 1577 2241 1645 omnis
2265 1591 2332 1639 16

229 1672 539 1769 magnum
594 1687 830 1730 nomen
884 1664 1112 1730 Marcii
1168 1665 1347 1730 ducis
1407 1668 1521 1731 est.
1621 1669 1690 1730 et
1751 1687 1941 1733 verae
1996 1666 2241 1750 gloriae

228 1754 366 1819 eius
425 1754 621 1820 etiam
676 1754 991 1820 miracula
1036 1754 1305 1819 addunt·
1359 1754 1688 1819 flammam
1736 1753 1797 1819 ei
1842 1754 2241 1819 contionanti

228 1842 442 1908 fusam
498 1866 533 1907 e
589 1842 800 1925 capite
856 1842 994 1907 sine
1040 1842 1244 1928 ipsius
1293 1863 1483 1907 sensu
1530 1864 1673 1908 cum
1719 1862 1955 1927 magno
2001 1864 2241 1926 pavore

188 1959 192 1963 ⁴
227 1931 790 1997 circumstantium
871 1931 1179 2013 militum3
1263 1930 1859 2015 monimentumque
1929 1930 2240 1996 victoriae
2264 1942 2330 1991 17

229 2019 367 2085 01118
406 2019 483 2083 de
508 2018 743 2084 Poenis
780 2039 981 2101 usque
1019 2019 1098 2083 ad
1135 2020 1470 2083 incensum
1508 2016 1901 2101 Capitolium
1936 2018 2137 2083 fuisse
2172 2020 2242 2083 in

226 2092 472 2191 templo
551 2106 829 2189 clipeum
890 2104 1205 2170 Marcium
1273 2105 1677 2189 appellatum
1746 2126 1891 2169 cum
1958 2106 2241 2190 imagine

174 2224 181 2229 ·
226 2194 678 2275 Hasdrubalis.
723 2229 806 2239 —
856 2192 1125 2269 Quietae
1174 2193 1403 2258 deinde
1449 2193 1848 2278 aliquamdiu
1893 2193 1959 2257 in
2005 2192 2240 2277 Hispa·
2265 2205 2331 2254 18

225 2283 339 2349 nia
390 2305 495 2350 res
549 2284 731 2348 fuere
785 2282 1075 2366 utrisque
1120 2285 1272 2366 post
1314 2284 1533 2347 tantas
1578 2283 1648 2346 in
1691 2283 1897 2348 'vicem
1945 2286 2241 2365 acceptas
2349 2283 2367 2299 ⁰

227 2371 593 2457 inlatasque
684 2371 894 2436 clades
979 2371 1431 2495 cunctantibus
1513 2371 1870 2454 periculum
1953 2392 2241 2436 summae

226 2483 443 2526 rerum
487 2462 716 2525 facere.

405 2546 536 2611 XL.
609 2547 782 2610 Dum
825 2546 988 2611 haec
1032 2547 1101 2610 10
1146 2497 1465 2630 Hispania
1512 2550 1849 2629 geruntur,
1894 2546 2241 2611 Marcellus
2281 2556 2310 2604 1

230 2635 434 2718 captis
474 2631 834 2716 SyracusiS,
871 2654 1016 2696 cum
1053 2637 1265 2698 cetera
1299 2635 1371 2696 in
1409 2631 1631 2697 Sicilia
1665 2635 1853 2696 tanta
1886 2632 2011 2697 fide
2049 2637 2243 2716 atque

228 2722 609 2807 integritate
655 2720 1151 2802 composuisset,
1200 2723 1276 2783 ut
1318 2741 1450 2784 non
1494 2718 1684 2784 modo
1732 2740 1917 2783 suam
1965 2719 2243 2803 gloriam

231 2811 341 2876 sed
384 2811 595 2879 etiam
649 2809 1055 2874 maiestatem
1109 2807 1333 2890 populi
1389 2806 1669 2871 Romani
1723 2810 2014 2891 augeret,
2060 2828 2243 2872 orna-

229 2901 451 2962 menta
483 2898 682 2981 urbis,
727 2897 918 2981 signa
953 2896 1359 2979 tabulasque,
1406 2894 1637 2978 quibus
1676 2894 2092 2960 abundabant
2129 2894 2244 2981 Sy-

227 3005 514 3068 racusae,
548 2985 825 3051 Romam
863 2985 1133 3069 devexit,
1170 2984 1460 3049 hostium
1499 2983 1755 3067 quidem
1792 2983 1911 3048 illa
1938 2983 2151 3067 spolia
2178 2988 2244 3049 01

228 3076 420 3156 parta
453 3073 610 3137 belli
646 3073 810 3158 1111ος
848 3077 1130 3139 ceterum
1166 3071 1314 3136 inde
1349 3073 1634 3156 primum
1669 3072 1929 3137 initium
1966 3073 2244 3138 mirandi
2279 3082 2312 3130 2
2345 3096 2354 3159 ς
2461 3102 2468 3107 ·

228 3161 622 3227 Graecarum
679 3161 920 3226 artium
966 3183 1161 3245 opera
1203 3160 1630 3245 licentiaeque
1675 3161 1825 3226 huic
1870 3181 2055 3225 sacra
2099 3182 2244 3245 pro-

226 3250 507 3335 fanaque
527 3249 745 3314 omnia
762 3249 958 3333 vulgo
981 3249 1300 3333 spoliandi
1320 3249 1565 3313 factum
1586 3253 1703 3332 est,
1731 3269 1894 3333 quae
1911 3250 2243 3331 postremo

226 3339 295 3402 in
330 3336 660 3402 Romanos
709 3336 883 3420 deos,
929 3338 1239 3420 templum
1287 3336 1355 3401 id
1395 3336 1610 3420 ipsum
1654 3337 1952 3420 primum,
1998 3335 2169 3419 quod
2206 3358 2246 3399 a

226 3424 540 3491 Marcello
584 3425 813 3490 eximie
862 3428 1160 3490 ornatum
1207 3427 1325 3508 est,
1369 3424 1585 3489 vertit.
1657 3424 2034 3489 visebantur
2071 3423 2241 3487 enim
2280 3434 2314 3483 3

229 3515 312 3579 ab
371 3512 652 3580 externis
701 3514 780 3580 ad
827 3516 1085 3598 portam
1131 3510 1459 3596 Capenam
1506 3511 1800 3577 dedicata
1845 3534 1900 3576 a.
1946 3509 2032 3576 M.
2077 3510 2245 3576 Mar·
