2654 3913
601 191 817 245 LIBER
853 192 1044 246 XXVI.
1120 192 1271 248 CAP.
1312 199 1398 247 34.
1437 198 1521 247 35.
1597 193 1673 263 [a.
1713 193 1769 247 C.
1810 193 1935 264 210]
2155 195 2281 259 153

264 337 475 403 hostis
519 340 757 419 essent,
798 336 1037 402 liberos
1068 358 1205 401 esse
1235 338 1564 401 iusserunt
1589 337 1710 419 ita,
1746 341 1822 401 ut
1846 358 2033 401 nemo
2065 358 2285 401 eorum
2323 349 2353 396 'e

268 425 427 490 civis
483 424 815 490 Romanus
884 429 998 489 aut
1049 423 1271 489 Latini
1331 425 1610 489 nominis
1668 430 1866 509 esset,
1919 445 2078 490 neve
2143 426 2286 508 quis

271 534 519 596 eorum,
566 513 677 597 qui
715 511 973 596 Capuae
1009 512 1267 595 fuisset,
1306 512 1480 593 dQ
1494 517 1718 595 portae
1756 514 2010 577 clausae
2057 516 2290 595 essent,

269 602 337 665 in
381 602 536 665 urbe
584 622 827 684 agrove
875 598 1206 683 Campano
1254 601 1430 665 intra
1475 604 1716 666 certam
1762 600 1931 665 diem
1978 604 2285 682 maneret,

267 690 444 753 locus
480 690 594 754 ubi
622 690 1002 753 habitarent
1027 695 1209 754 trans
1238 689 1551 773 Tiberim,
1622 690 1689 753 ui
1717 711 1848 754 non
1876 690 2286 772 contingeret

269 776 581 860 Tiberim,
629 776 919 861 daretur3
976 778 1084 860 qui
1127 798 1246 842 nec
1292 774 1552 860 Capuae
1603 798 1721 842 nec
1774 778 1845 843 in
1888 778 2047 842 urbe
2095 774 2284 841 Cam·
2323 784 2357 833 8

267 886 463 949 pana,
522 885 685 949 quae
743 887 783 929 a
826 866 1066 948 populo
1113 864 1407 930 Romano
1455 865 1819 947 defecisset,
1872 886 1988 949 per
2041 864 2285 929 bellum

268 954 574 1037 fuissent,
620 973 728 1018 eos
776 952 868 1017 cis
906 953 1109 1017 Lirim
1147 974 1402 1017 amnem
1438 953 1713 1018 Romam
1760 975 2012 1036 versus3
2058 954 2167 1037 qui
2205 953 2287 1017 ad
2323 961 2355 1009 9

266 1041 597 1107 Romanos
637 1041 1046 1126 transissent,
1081 1041 1458 1125 priusquam
1494 1039 1781 1125 Capuam
1818 1041 2150 1107 Hannibal
2185 1063 2287 1106 ve-

266 1130 461 1212 niret,
515 1129 607 1195 cis
654 1128 1051 1195 Vulturnum
1106 1130 1491 1195 emovendos
1547 1136 1956 1214 censuerunt,
2013 1151 2095 1194 ne
2143 1130 2285 1213 quis

269 1240 491 1283 eorum
518 1218 783 1303 propius
812 1240 991 1284 mare
1019 1217 1381 1301 quindecim
1418 1218 1682 1282 milibus
1716 1241 2025 1300 passuum
2056 1238 2285 1303 agrum

270 1306 709 1371 aedificiumve
755 1307 1042 1371 haberet.
1120 1307 1231 1388 qui
1276 1327 1498 1369 eorum
1542 1310 1726 1371 trans
1764 1305 2053 1369 Tiberim
2090 1306 2286 1368 emoti
2327 1312 2394 1360 10

270 1399 509 1477 essent,
554 1415 635 1457 ne
673 1394 798 1477 ipsi
834 1392 1159 1476 posterive
1198 1412 1418 1456 eorum
1454 1392 1709 1474 uspiam
1744 1395 2051 1476 pararent
2090 1391 2286 1455 habe-

268 1485 493 1547 rentve
538 1481 666 1545 nisi
711 1481 781 1546 in
814 1480 1111 1562 Veiente,
1157 1477 1420 1544 Sutrino
1459 1478 1865 1562 Nepesinove
1905 1499 2091 1565 agro,
2135 1479 2286 1543 dum

268 1591 350 1634 ne
397 1568 500 1634 cui
543 1569 752 1633 maior
798 1590 991 1653 quam
1038 1567 1501 1652 quinquaginta
1548 1568 1841 1651 iugerum
1880 1568 2023 1653 agri
2061 1567 2287 1631 modus

272 1661 459 1724 esset.
532 1659 905 1722 senatorum
952 1656 1241 1721 omnium
1278 1656 1511 1740 quique
1555 1656 1975 1741 magistratus
2014 1653 2292 1740 Capuae,
2327 1662 2392 1710 11

272 1747 554 1829 Atellae,
603 1742 894 1811 Calatiae
932 1745 1289 1831 gessissent
1325 1745 1497 1809 bona
1535 1747 1751 1809 venire
1796 1742 2053 1829 Capuae
2090 1745 2287 1809 iusse-

272 1840 449 1920 runt,
495 1835 705 1900 libera
750 1856 1046 1919 corpora,
1093 1855 1255 1918 quae
1301 1855 1537 1899 venum
1583 1833 1720 1898 dari
1756 1833 2114 1918 placuerat,
2159 1832 2286 1897 Ro-

272 1947 443 1990 mam
489 1923 667 1988 mitti
721 1944 796 1989 ac
839 1922 1086 1989 Romae
1130 1923 1367 1988 venire.
1458 1922 1674 2006 signa,
1722 1926 1972 1989 statuas
2036 1943 2288 2005 aeneaS,
2329 1926 2394 1976 12

274 2034 436 2096 quae
483 2015 675 2095 capta
730 2010 806 2074 de
851 2011 1149 2076 hostibus
1196 2010 1583 2094 dicerentur,
1628 2032 1791 2093 quae
1839 2032 2059 2075 eorum
2105 2031 2291 2075 sacra

275 2114 349 2165 ac
393 2098 669 2184 profana
706 2101 949 2181 essent,
997 2098 1078 2162 ad
1117 2099 1495 2180 pontificum
1533 2096 1879 2182 collegium
1915 2098 2291 2162 reiecerunt.

274 2189 358 2252 ob
405 2188 567 2252 haec
614 2186 872 2251 decreta
925 2186 1301 2250 maestiores
1365 2185 1723 2270 aliquantO,
1771 2207 1965 2269 quam
2012 2185 2288 2249 Romam
2330 2191 2397 2241 13

274 2279 614 2359 venerant,
668 2273 1031 2359 Campanos
1092 2273 1495 2339 dimiserunt.
1593 2294 1709 2338 nec
1766 2274 1897 2339 iam
1952 2273 2024 2350 Q.
2079 2272 2292 2339 Fulvii

276 2365 614 2431 saevitiam
659 2364 729 2429 in
775 2385 942 2449 sese,
987 2363 1099 2429 sed
1135 2363 1543 2447 iniquitatem
1581 2361 1772 2427 deum
1809 2367 2001 2447 atque
2043 2384 2293 2428 execra-

275 2454 471 2518 bilem
514 2453 842 2517 fortunam
888 2473 1070 2517 suam
1116 2452 1518 2517 incusabant.

453 2539 720 2604 XXXV.
798 2539 1101 2603 Dimissis
1171 2538 1405 2604 Siculis
1471 2535 1945 2622 Campanisque
2018 2538 2291 2603 dilectus
2331 2546 2360 2592 1

275 2628 557 2694 habitus.
648 2628 890 2710 scripto
938 2625 1165 2690 deinde
1213 2627 1498 2689 exercitu
1548 2625 1625 2688 de
1670 2626 1987 2709 remigum
2033 2624 2294 2707 supple-

277 2721 496 2782 mento
535 2715 644 2800 agi
682 2718 1005 2798 coeptum3
1044 2714 1114 2778 in
1140 2734 1333 2798 quam
1365 2732 1502 2776 rem
1541 2734 1685 2777 cum
1712 2733 1920 2797 neque
1956 2713 2292 2777 hominum
2329 2718 2362 2767 2

279 2806 469 2888 satis,
506 2825 650 2889 nec,
687 2824 765 2868 ex
793 2824 919 2886 qua
947 2805 1330 2886 pararentur
1357 2800 1875 2884 stipendiumque
1912 2800 2294 2884 acciperent,

276 2892 585 2977 pecuniae
649 2892 993 2976 quicquam
1057 2912 1133 2954 ea
1194 2892 1581 2972 tempestate
1652 2889 1722 2953 in
1781 2888 2042 2972 publico
2107 2892 2295 2972 esset,

279 2981 618 3046 edixerunt
662 2979 985 3063 consules,
1045 2982 1118 3042 ut
1161 2977 1401 3062 privati
1457 2997 1533 3040 ex
1580 2998 1775 3042 censu
1821 2977 2295 3062 ordinibusque,
2331 2986 2365 3035 3

278 3070 447 3134 sicut
492 3072 708 3153 antea,
752 3067 1029 3152 remiges
1077 3065 1303 3132 darent
1350 3086 1494 3130 cum
1541 3064 1860 3148 stipendio
1906 3065 2294 3150 cibariisque

280 3158 527 3222 dierum
572 3157 862 3241 triginta.
936 3155 1016 3220 ad
1061 3155 1126 3221 id
1173 3155 1455 3219 edictum
1489 3157 1720 3219 tantus
1755 3154 2053 3220 fremitus
2091 3154 2295 3220 homi·
2331 3163 2366 3212 4

277 3268 462 3329 num,
498 3249 682 3309 tanta
709 3244 1070 3330 indignatio
1098 3243 1248 3327 fuit,
1285 3248 1360 3307 ut
1387 3242 1598 3327 magis
1637 3242 1763 3306 dux
1800 3264 1994 3325 quam
2023 3241 2296 3307 materia

281 3334 584 3400 seditioni
629 3332 906 3398 deesset:
952 3332 1298 3398 secundum
1337 3331 1586 3398 Siculos
1625 3328 2116 3414 Campanosque
2163 3331 2297 3413 ple-

279 3425 427 3490 bem
455 3423 815 3489 Romanam
851 3421 1240 3507 perdendam
1274 3419 1809 3505 lacerandamque
1847 3418 1973 3484 sibi
2001 3420 2296 3484 consules

278 3514 648 3596 sumpsisse.
703 3532 818 3597 per
845 3514 948 3576 tot
977 3530 1181 3574 annos
1210 3510 1456 3574 tributo
1489 3507 1838 3574 exhaustos
1866 3507 2032 3573 nihil
2061 3508 2292 3595 reliqui
2331 3517 2364 3566 5
