2654 3913
364 157 495 269 114
694 204 912 259 LIBER
944 159 1137 259 XXVI.
1214 204 1367 262 CAP.
1406 211 1455 259 2.
1494 211 1545 259 3.
1619 205 1691 276 [a.
1730 202 1796 259 U.
1834 220 1879 259 c.
1921 206 2047 275 543]

258 363 324 413 12
359 371 621 434 norum,
653 349 765 414 sed
795 370 877 414 ne
908 349 1256 414 clamorem
1285 348 1544 434 quidem
1574 350 1887 414 sustinere
1913 353 2202 432 possent.
2263 372 2379 416 nec

361 439 623 503 hercule
658 439 894 504 mirum
933 458 1071 502 esse
1107 438 1347 503 cessisse
1383 437 1625 502 milites
1662 438 1730 502 in
1767 437 1932 522 acie,
1957 459 2104 503 cum
2132 439 2380 523 primus

258 539 326 588 13
365 528 654 592 omnium
708 527 1064 610 imperator
1116 526 1398 610 fugerett,
1463 526 1670 611 magis
1726 527 1950 590 mirari
2006 548 2074 592 se
2130 527 2381 611 aliquos

363 616 599 680 stantis
637 615 968 698 cecidisse,
1006 618 1072 679 et
1106 635 1239 679 non
1267 634 1491 679 omnes
1528 614 1795 679 comites
1824 612 1937 680 Cn.
1966 612 2155 679 Fulvi
2179 614 2382 680 fuisse

362 705 625 787 pavoris
664 724 739 768 ac
772 704 981 787 fugae.
1054 699 1124 768 O.
1159 701 1577 785 Flaminium,
1613 701 1684 768 L.
1721 702 2020 788 Paulum,
2056 700 2126 768 L.
2156 702 2380 769 Postu-

363 793 593 874 mium,
653 789 767 855 Cn.
826 812 901 855 ac
954 789 1023 855 P.
1082 788 1417 873 Scipiones
1478 790 1705 855 cadere
1757 790 1826 855 in
1880 792 2015 856 acie
2073 791 2381 855 maluisse

259 891 327 939 14
366 899 559 960 quam
613 878 904 941 deserere
967 878 1436 943 circumventos
1501 878 1844 942 exercitus:
1911 876 2028 946 Cn.
2081 878 2380 945 Fulvium

361 985 563 1049 prope
613 986 813 1029 unum
860 965 1157 1028 nuntium
1197 965 1397 1029 deleti
1442 964 1758 1030 exercitus
1796 965 2073 1033 Romam
2120 968 2381 1033 redisse.

363 1053 613 1117 facinus
654 1052 994 1136 indignum
1032 1073 1172 1116 esse
1219 1049 1623 1116 Cannensem
1665 1054 2047 1139 exercitum,
2095 1058 2268 1139 quod
2308 1079 2383 1122 ex

365 1140 500 1205 acie
562 1139 832 1227 fugerit,
893 1139 964 1203 in
1021 1138 1307 1205 Siciliam
1366 1139 1800 1223 deportatum,
1860 1161 1944 1205 ne
1998 1144 2178 1224 prius
2235 1144 2385 1209 inde

364 1228 756 1313 dimittatur,
800 1250 993 1312 quam
1045 1228 1256 1293 hostis
1311 1248 1388 1293 ex
1440 1226 1634 1291 Italia
1695 1227 2067 1312 decesserit,
2132 1234 2197 1294 et
2258 1232 2384 1296 hoc

259 1331 328 1379 15
365 1316 586 1383 idem
566 1340 635 1382 1n
654 1315 770 1383 Cn.
789 1316 977 1382 Fulvi
1004 1316 1374 1403 legionibus
1399 1337 1606 1399 nuper
1633 1315 1985 1381 decretum:
2015 1280 2131 1383 G'n.
2150 1317 2400 1384 Fulvio-

347 1391 589 1491 fugam
637 1429 715 1471 ex
759 1406 1005 1491 proelio
1050 1406 1258 1508 ipsius
1299 1406 1670 1471 temeritate
1712 1405 2058 1471 commisso
2104 1406 2382 1492 impuni-

366 1498 504 1559 tam
551 1516 719 1579 esse,
764 1499 833 1559 et
879 1517 1024 1559 eum
1078 1496 1147 1559 in
1203 1514 1412 1579 ganea
1462 1493 1835 1578 lustrisque,
1888 1494 2002 1559 ubi
2054 1494 2382 1560 iuventam

263 1595 330 1643 16
371 1584 601 1668 egerit,
662 1587 1057 1648 senectutem
1116 1587 1439 1664 acturum,
1497 1582 1767 1666 milites,
1823 1582 1933 1666 qui
1987 1583 2155 1647 nihil
2209 1583 2383 1647 aliud

366 1671 798 1753 peccaverint,
860 1692 1053 1753 quam
1113 1669 1283 1751 quod
1343 1669 1752 1751 imperatoris
1813 1670 2059 1733 similes
2124 1671 2382 1753 fuerint,

366 1759 689 1840 relegatos
718 1777 919 1839 prope
955 1757 1024 1819 in
1052 1756 1317 1819 exilium
1355 1755 1858 1839 ignominiosam
1886 1756 2026 1837 pati
2061 1757 2382 1822 militiam.

367 1844 524 1908 adeo
563 1843 873 1926 imparem
912 1842 1282 1908 libertatem
1319 1842 1566 1907 Romae
1597 1842 1716 1906 diti
1749 1864 1821 1907 ac
1848 1843 2141 1928 pauperi,
2180 1843 2380 1909 hono·

299 1945 327 1993 1
368 1934 510 1997 rato
556 1935 751 2016 atque
805 1931 1192 1997 inhonorato
1249 1952 1409 1997 esse.
1497 1928 1611 1996 ΠΙ.
1667 1951 1813 1997 reus
1870 1931 1952 1996 ab
2012 1953 2080 1998 se
2127 1932 2380 2017 culpam

366 2022 436 2086 in
473 2021 715 2086 milites
751 2021 1209 2087 transferebat:
1256 2041 1366 2086 eos
1404 2019 1702 2085 ferociter
1737 2040 2024 2107 pugnam
2059 2024 2382 2105 poscentis

365 2110 716 2194 productos
754 2110 827 2174 in
863 2109 1091 2193 aciem,
1135 2131 1269 2175 non
1306 2130 1382 2174 eo
1427 2131 1553 2192 quo
1590 2109 1943 2192 voluerint,
1981 2110 2134 2193 quia
2171 2132 2381 2175 serum

368 2199 495 2264 diei
540 2198 763 2281 fuerit,
809 2197 920 2262 sed
964 2205 1222 2280 postero
1271 2197 1400 2297 die,
1447 2201 1513 2271 et
1555 2200 1846 2279 tempore
1893 2199 1960 2260 et
1997 2198 2138 2262 loco
2178 2219 2381 2283 aequo

367 2287 746 2367 instructoe,
774 2305 885 2348 seu
922 2284 1165 2348 famam
1194 2305 1309 2348 seu
1336 2284 1467 2347 vim
1496 2283 1782 2347 hostium
1819 2305 1954 2348 non
1982 2285 2382 2350 sustinuisse.

296 2385 330 2433 2
367 2394 513 2438 cum
560 2371 759 2435 effuse
804 2391 1026 2435 omnes
1071 2370 1398 2453 fugerent,
1444 2391 1513 2434 se
1557 2391 1807 2453 quoque
1844 2370 2037 2434 turba
2079 2371 2382 2455 ablatum,

366 2464 440 2525 ut
483 2458 843 2524 Varronem
891 2455 1214 2522 Cannensi
1259 2476 1505 2542 pugna,
1563 2460 1640 2521 ut
1684 2457 1925 2524 multos
1973 2458 2138 2524 alios
2184 2459 2382 2543 impe·

297 2561 329 2609 3
368 2551 636 2614 ratores·
726 2547 836 2632 qui
891 2549 1107 2611 autem
1154 2546 1364 2611 solum
1419 2566 1489 2610 se
1544 2550 1896 2611 restantem
1942 2547 2246 2630 prodesse
2289 2551 2382 2613 rei

367 2637 690 2722 publicae,
741 2636 870 2701 nisi
926 2635 983 2700 si
1036 2657 1212 2701 mors
1269 2656 1387 2700 sua
1430 2634 1710 2700 remedio
1757 2635 2033 2718 publicis
2093 2637 2383 2702 cladibus

295 2739 332 2787 4
367 2727 589 2793 futura
635 2728 832 2809 esset,
877 2723 1210 2809 potuisse?
1302 2744 1438 2789 non
1494 2745 1562 2788 se
1607 2724 1830 2807 inopia
1873 2728 2269 2790 commeatus
2315 2726 2382 2789 in

367 2817 515 2882 loca
558 2814 781 2899 iniqua
815 2814 1072 2879 incaute
1107 2812 1476 2895 deductum,
1519 2832 1652 2877 non
1688 2812 1944 2895 agmine
1973 2811 2382 2895 inexplorato

372 2908 629 2970 euntem
675 2902 924 2966 insidiis
972 2902 1489 2977 circumventum;
1546 2901 1610 2964 vi
1671 2904 1922 2984 aperta,
1977 2901 2200 2986 armis,
2246 2902 2383 2965 acie

369 2992 630 3057 victum.
719 3010 836 3054 nec
874 3010 1135 3053 suorum
1173 2989 1424 3053 animos
1465 3009 1583 3052 nec
1616 2987 1903 3052 hostium
1949 2987 2018 3051 in
2062 2992 2383 3072 potestate

370 3079 700 3143 habuisse:
757 3098 944 3142 suum
990 3077 1216 3160 cuique
1262 3076 1595 3161 ingenium
1652 3074 1986 3141 audaciam
2033 3082 2147 3142 aut
2191 3099 2382 3161 pavo·

299 3181 332 3229 5
371 3188 509 3232 rem
552 3165 783 3233 facere.
843 3165 945 3229 bis
993 3169 1093 3229 est
1140 3168 1477 3230 accusatus
1514 3164 1916 3249 pecuniaque
1959 3166 2384 3251 anquisitum3

371 3255 565 3322 tertio
611 3254 890 3319 testibus
927 3253 1126 3336 datis,
1172 3272 1345 3336 cum,
1380 3255 1832 3338 praeterquam
1870 3253 2042 3337 quod
2084 3253 2381 3319 omnibus

371 3343 624 3426 probris
655 3344 1070 3427 onerabatur,
1098 3342 1292 3406 iurati
1319 3341 1628 3425 permulti
1656 3340 1942 3406 dicerent
1966 3340 2159 3424 fugae
2185 3361 2383 3423 pavo-

370 3432 588 3514 risque
633 3432 893 3496 initium
940 3453 979 3496 a
1022 3433 1318 3515 praetore
1358 3433 1599 3513 ortum,
1645 3429 1725 3495 ab
1774 3451 1847 3495 eo
1886 3429 2174 3492 desertos
2218 3427 2415 3491 mili--

301 3528 335 3576 6
374 3519 500 3599 tes,
548 3539 692 3583 cum
738 3519 912 3584 haud
957 3540 1197 3584 vanum
1242 3520 1543 3584 timorem
1580 3517 1757 3583 ducis
1795 3516 2154 3602 crederent,
2197 3518 2383 3601 terga
